[
    {
        "date": "2022-12-30",
        "symbol": "AAL",
        "period": "FY",
        "revenuefromcontractwithcustomerexcludingassessedtax": 437000000,
        "fuelcosts": 13791000000,
        "laborandrelatedexpense": 12965000000,
        "airlinecapacitypurchasearrangements": 4345000000,
        "aircraftmaintenancematerialsandrepairs": 2684000000,
        "landingfeesandotherrentals": 2730000000,
        "aircraftrental": 5000000,
        "sellingandmarketingexpense": 1815000000,
        "depreciationandamortization": 269000000,
        "restructuringandotherexpenseincomemainline": 193000000,
        "othercostandexpenseoperating": 5425000000,
        "costsandexpenses": 47312000000,
        "operatingincomeloss": 1653000000,
        "investmentincomeinterest": 349000000,
        "interestexpense": 1872000000,
        "othernonoperatingincomeexpense": 324000000,
        "nonoperatingincomeexpense": -1199000000,
        "incomelossfromcontinuingoperationsbeforeincometaxesextraordinaryitemsnoncontrollinginterest": 454000000,
        "incometaxexpensebenefit": 116000000,
        "netincomeloss": 338000000,
        "earningspersharebasic": 0.2,
        "earningspersharediluted": 0.19,
        "weightedaveragenumberofsharesoutstandingbasic": 650345000,
        "weightedaveragenumberofdilutedsharesoutstanding": 655122000,
        "othercomprehensiveincomedefinedbenefitplansadjustmentnetoftaxportionattributabletoparent": -1354000000,
        "othercomprehensiveincomeavailableforsalesecuritiesadjustmentnetoftaxportionattributabletoparent": -3000000,
        "othercomprehensiveincomelossnetoftaxportionattributabletoparent": 1351000000,
        "comprehensiveincomenetoftax": 1689000000
    },
    {
        "date": "2021-12-30",
        "symbol": "AAL",
        "period": "FY",
        "revenuefromcontractwithcustomerexcludingassessedtax": 139000000,
        "fuelcosts": 6792000000,
        "laborandrelatedexpense": 11811000000,
        "airlinecapacitypurchasearrangements": 3111000000,
        "aircraftmaintenancematerialsandrepairs": 1979000000,
        "landingfeesandotherrentals": 2619000000,
        "aircraftrental": 6000000,
        "sellingandmarketingexpense": 1098000000,
        "depreciationandamortization": 263000000,
        "restructuringandotherexpenseincomemainline": -4006000000,
        "othercostandexpenseoperating": 3993000000,
        "costsandexpenses": 30841000000,
        "operatingincomeloss": -961000000,
        "investmentincomeinterest": 34000000,
        "interestexpense": 1642000000,
        "othernonoperatingincomeexpense": 292000000,
        "nonoperatingincomeexpense": -1316000000,
        "incomelossfromcontinuingoperationsbeforeincometaxesextraordinaryitemsnoncontrollinginterest": -2277000000,
        "incometaxexpensebenefit": -500000000,
        "netincomeloss": -1777000000,
        "earningspersharebasic": -3.09,
        "earningspersharediluted": -3.09,
        "weightedaveragenumberofsharesoutstandingbasic": 644015000,
        "weightedaveragenumberofdilutedsharesoutstanding": 644015000,
        "othercomprehensiveincomedefinedbenefitplansadjustmentnetoftaxportionattributabletoparent": -1153000000,
        "othercomprehensiveincomelossnetoftaxportionattributabletoparent": 1153000000,
        "comprehensiveincomenetoftax": -624000000
    },
    {
        "date": "2020-12-30",
        "symbol": "AAL",
        "period": "FY",
        "revenuefromcontractwithcustomerexcludingassessedtax": 14518000000,
        "fuelcosts": 2581000000,
        "laborandrelatedexpense": 10960000000,
        "airlinecapacitypurchasearrangements": 4892000000,
        "aircraftmaintenancematerialsandrepairs": 1583000000,
        "landingfeesandotherrentals": 1536000000,
        "aircraftrental": 1341000000,
        "sellingandmarketingexpense": 513000000,
        "depreciationandamortization": 2040000000,
        "restructuringandotherexpenseincomemainline": -657000000,
        "othercostandexpenseoperating": 2969000000,
        "costsandexpenses": 27758000000,
        "operatingincomeloss": -10421000000,
        "investmentincomeinterest": 41000000,
        "interestexpense": 1227000000,
        "othernonoperatingincomeexpense": 154000000,
        "nonoperatingincomeexpense": -1032000000,
        "incomelossfromcontinuingoperationsbeforeincometaxesextraordinaryitemsnoncontrollinginterest": -11453000000,
        "incometaxexpensebenefit": -2568000000,
        "netincomeloss": -8885000000,
        "earningspersharebasic": -18.36,
        "earningspersharediluted": -18.36,
        "weightedaveragenumberofsharesoutstandingbasic": 483888000,
        "weightedaveragenumberofdilutedsharesoutstanding": 483888000,
        "commonstockdividendspersharedeclared": 0.1,
        "othercomprehensiveincomedefinedbenefitplansadjustmentnetoftaxportionattributabletoparent": 772000000,
        "othercomprehensiveincomelossnetoftaxportionattributabletoparent": -772000000,
        "comprehensiveincomenetoftax": -9657000000
    },
    {
        "date": "2019-12-30",
        "symbol": "AAL",
        "period": "FY",
        "netincomeloss": 1686000000,
        "othercomprehensiveincomedefinedbenefitplansadjustmentnetoftaxportionattributabletoparent": 438000000,
        "othercomprehensiveincomelossavailableforsalesecuritiesadjustmentnetoftax": 3000000,
        "othercomprehensiveincomelossnetoftaxportionattributabletoparent": -435000000,
        "comprehensiveincomenetoftax": 1251000000,
        "revenuefromcontractwithcustomerexcludingassessedtax": 42010000000,
        "fuelcosts": 7526000000,
        "laborandrelatedexpense": 12609000000,
        "airlinecapacitypurchasearrangements": 7501000000,
        "aircraftmaintenancematerialsandrepairs": 2380000000,
        "landingfeesandotherrentals": 2055000000,
        "aircraftrental": 1326000000,
        "sellingandmarketingexpense": 1602000000,
        "depreciationandamortization": 1982000000,
        "restructuringandothermainline": 635000000,
        "othercostandexpenseoperating": 5087000000,
        "costsandexpenses": 42703000000,
        "operatingincomeloss": 3065000000,
        "investmentincomeinterest": 127000000,
        "interestexpense": 1095000000,
        "othernonoperatingincomeexpense": 159000000,
        "nonoperatingincomeexpense": -809000000,
        "incomelossfromcontinuingoperationsbeforeincometaxesextraordinaryitemsnoncontrollinginterest": 2256000000,
        "incometaxexpensebenefit": 570000000,
        "earningspersharebasic": 3.8,
        "earningspersharediluted": 3.79,
        "weightedaveragenumberofsharesoutstandingbasic": 443363000,
        "weightedaveragenumberofdilutedsharesoutstanding": 444269000,
        "commonstockdividendspersharedeclared": 0.4
    },
    {
        "date": "2018-12-30",
        "symbol": "AAL",
        "period": "FY",
        "netincomeloss": 1412000000,
        "othercomprehensiveincomedefinedbenefitplansadjustmentnetoftaxportionattributabletoparent": 116000000,
        "othercomprehensiveincomelossavailableforsalesecuritiesadjustmentnetoftax": -3000000,
        "othercomprehensiveincomelossnetoftaxportionattributabletoparent": -120000000,
        "comprehensiveincomenetoftax": 1539000000,
        "revenuefromcontractwithcustomerexcludingassessedtax": 2852000000,
        "fuelcosts": 1843000000,
        "laborandrelatedexpense": 1591000000,
        "airlinecapacitypurchasearrangements": 7133000000,
        "aircraftmaintenancematerialsandrepairs": 340000000,
        "landingfeesandotherrentals": 610000000,
        "aircraftrental": 32000000,
        "sellingandmarketingexpense": 369000000,
        "depreciationandamortization": 318000000,
        "restructuringandothermainline": 787000000,
        "othercostandexpenseoperating": 593000000,
        "costsandexpenses": 41807000000,
        "operatingincomeloss": 2723000000,
        "investmentincomeinterest": 330000000,
        "interestexpense": 1028000000,
        "othernonoperatingincomeexpense": 167000000,
        "nonoperatingincomeexpense": -531000000,
        "incomelossfromcontinuingoperationsbeforeincometaxesextraordinaryitemsnoncontrollinginterest": 2192000000,
        "incometaxexpensebenefit": 534000000,
        "earningspersharebasic": 3.04,
        "earningspersharediluted": 3.03,
        "weightedaveragenumberofsharesoutstandingbasic": 464236000,
        "weightedaveragenumberofdilutedsharesoutstanding": 465660000,
        "commonstockdividendspersharedeclared": 0.4
    },
    {
        "date": "2017-12-30",
        "symbol": "AAL",
        "period": "FY",
        "netincomeloss": 1282000000,
        "othercomprehensiveincomelossreclassificationadjustmentfromaocipensionandotherpostretirementbenefitplansnetoftax": -55000000,
        "othercomprehensiveincomelosspensionandotherpostretirementbenefitplansadjustmentbeforereclassificationadjustmentsnetoftax": 13000000,
        "othercomprehensiveincomelossavailableforsalesecuritiesandderivativeadjustmentnetoftax": -1000000,
        "othercomprehensiveincomelossnetoftaxportionattributabletoparent": -69000000,
        "comprehensiveincomenetoftax": 1853000000,
        "passengerrevenuemainline": 29238000000,
        "passengerrevenueregional": 6895000000,
        "cargoandfreightrevenue": 890000000,
        "othersalesrevenuenet": 2601000000,
        "salesrevenuenet": 42622000000,
        "fuelcosts": 1382000000,
        "laborandrelatedexpense": 1452000000,
        "airlinecapacitypurchasearrangements": 6546000000,
        "aircraftmaintenancematerialsandrepairs": 281000000,
        "landingfeesandotherrentals": 625000000,
        "aircraftrental": 35000000,
        "sellingandmarketingexpense": 361000000,
        "depreciationandamortization": 315000000,
        "restructuringandothermainline": 712000000,
        "othercostandexpenseoperating": 492000000,
        "costsandexpenses": 38391000000,
        "operatingincomeloss": 4231000000,
        "investmentincomeinterest": 215000000,
        "interestexpense": 988000000,
        "othernonoperatingincomeexpense": -15000000,
        "nonoperatingincomeexpense": -836000000,
        "incomelossfromcontinuingoperationsbeforeincometaxesextraordinaryitemsnoncontrollinginterest": 3395000000,
        "incometaxexpensebenefit": 2113000000,
        "earningspersharebasic": 3.92,
        "earningspersharediluted": 2.61,
        "weightedaveragenumberofsharesoutstandingbasic": 489164000,
        "weightedaveragenumberofdilutedsharesoutstanding": 491692000,
        "commonstockdividendspersharedeclared": 0.4
    },
    {
        "date": "2016-12-30",
        "symbol": "AAL",
        "period": "FY",
        "passengerrevenuemainline": 27909000000,
        "passengerrevenueregional": 6670000000,
        "cargoandfreightrevenue": 700000000,
        "othersalesrevenuenet": 4884000000,
        "salesrevenuenet": 40163000000,
        "fuelcosts": 1109000000,
        "laborandrelatedexpense": 1333000000,
        "airlinecapacitypurchasearrangements": 6044000000,
        "aircraftmaintenancematerialsandrepairs": 345000000,
        "landingfeesandotherrentals": 564000000,
        "aircraftrental": 36000000,
        "sellingandmarketingexpense": 347000000,
        "depreciationandamortization": 301000000,
        "restructuringandother": 14000000,
        "othercostandexpenseoperating": 457000000,
        "costsandexpenses": 34859000000,
        "operatingincomeloss": 5304000000,
        "investmentincomeinterest": 104000000,
        "interestexpense": 906000000,
        "othernonoperatingincomeexpense": -59000000,
        "nonoperatingincomeexpense": -861000000,
        "incomelossfromcontinuingoperationsbeforeincometaxesextraordinaryitemsnoncontrollinginterest": 4443000000,
        "incometaxexpensebenefit": 1662000000,
        "netincomeloss": 2676000000,
        "earningspersharebasic": 4.85,
        "earningspersharediluted": 4.81,
        "weightedaveragenumberofsharesoutstandingbasic": 552308000,
        "weightedaveragenumberofdilutedsharesoutstanding": 556099000,
        "commonstockdividendspersharedeclared": 0.4,
        "othercomprehensiveincomelossreclassificationadjustmentfromaocipensionandotherpostretirementbenefitplansnetoftax": -65000000,
        "othercomprehensiveincomelosspensionandotherpostretirementbenefitplansadjustmentbeforereclassificationadjustmentsnetoftax": 292000000,
        "othercomprehensiveincomelossavailableforsalesecuritiesadjustmentnetoftax": 6000000,
        "othercomprehensiveincomelossnetoftax": -351000000,
        "comprehensiveincomenetoftax": 2430000000
    },
    {
        "date": "2015-12-30",
        "symbol": "AAL",
        "period": "FY",
        "passengerrevenuemainline": 29037000000,
        "passengerrevenueregional": 6475000000,
        "cargoandfreightrevenue": 760000000,
        "othersalesrevenuenet": -2836000000,
        "salesrevenuenet": -2836000000,
        "fuelcosts": 1230000000,
        "laborandrelatedexpense": -773000000,
        "airlinecapacitypurchasearrangements": -115000000,
        "aircraftmaintenancematerialsandrepairs": -304000000,
        "landingfeesandotherrentals": -44000000,
        "aircraftrental": -151000000,
        "sellingandmarketingexpense": 333000000,
        "depreciationandamortization": -44000000,
        "restructuringandother": -7000000,
        "othercostandexpenseoperating": -1398000000,
        "costsandexpenses": -2836000000,
        "operatingincomeloss": 19000000,
        "investmentincomeinterest": -25000000,
        "interestexpense": -25000000,
        "othernonoperatingincomeexpense": 4000000,
        "nonoperatingincomeexpense": -7620000000,
        "incomelossbeforereorganizationitemsnet": 4668000000,
        "incomelossfromcontinuingoperationsbeforeincometaxesextraordinaryitemsnoncontrollinginterest": -7620000000,
        "incometaxexpensebenefit": 3000000000,
        "netincomeloss": 7610000000,
        "earningspersharebasic": 11.39,
        "earningspersharediluted": 11.07,
        "weightedaveragenumberofsharesoutstandingbasic": 668393000,
        "weightedaveragenumberofdilutedsharesoutstanding": 687355000,
        "commonstockdividendspersharedeclared": 0.4,
        "othercomprehensiveincomelossreclassificationadjustmentfromaocipensionandotherpostretirementbenefitplansnetoftax": 1000000,
        "othercomprehensiveincomelosspensionandotherpostretirementbenefitplansadjustmentbeforereclassificationadjustmentsnetoftax": 51000000,
        "othercomprehensiveincomelossreclassificationadjustmentfromaocipensionandotherpostretirementbenefitplansbeforetax": -109000000,
        "othercomprehensiveincomelosspensionandotherpostretirementbenefitplansadjustmentbeforereclassificationadjustmentsandtax": 1000000,
        "othercomprehensiveincomelossreclassificationadjustmentfromaocionderivativesnetoftax": 9000000,
        "othercomprehensiveincomeunrealizedholdinggainlossonsecuritiesarisingduringperiodnetoftax": -5000000,
        "othercomprehensiveincomelossnetoftax": -5000000,
        "comprehensiveincomenetoftax": -8161000000
    },
    {
        "date": "2014-12-30",
        "symbol": "AAL",
        "period": "FY",
        "passengerrevenuemainline": 10457000000,
        "passengerrevenueregional": 3411000000,
        "cargoandfreightrevenue": 158000000,
        "salesrevenueservicesgross": 1600000000,
        "salesrevenueservicesnet": 27141000000,
        "fuelcosts": 3401000000,
        "laborandrelatedexpense": 2837000000,
        "airlinecapacitypurchasearrangements": 3452000000,
        "aircraftmaintenancematerialsandrepairs": 717000000,
        "landingfeesandotherrentals": 582000000,
        "aircraftrental": 394000000,
        "sellingandmarketingexpense": 1091000000,
        "depreciationandamortization": 405000000,
        "specialitemsnet": 507000000,
        "othercostandexpenseoperating": 1000000,
        "costsandexpenses": 1000000,
        "operatingincomeloss": -1000000,
        "investmentincomeinterest": 7000000,
        "interestexpense": 36000000,
        "othernonoperatingincomeexpense": -53000000,
        "nonoperatingincomeexpense": 1391000000,
        "incomelossbeforereorganizationitemsnet": 1629000000,
        "incomelossfromcontinuingoperationsbeforeincometaxesminorityinterestandincomelossfromequitymethodinvestments": 1390000000,
        "incometaxexpensebenefit": -1000000,
        "netincomeloss": 1391000000,
        "earningspersharebasic": 4.02,
        "earningspersharediluted": 3.93,
        "weightedaveragenumberofsharesoutstandingbasic": 717456000,
        "weightedaveragenumberofdilutedsharesoutstanding": 734016000,
        "commonstockdividendspersharedeclared": 0.2,
        "othercomprehensiveincomelossamortizationadjustmentfromaocipensionandotherpostretirementbenefitplansfornetpriorservicecostcreditbeforetax": -4000000,
        "othercomprehensiveincomelosspensionandotherpostretirementbenefitplansadjustmentbeforereclassificationadjustmentsandtax": 2602000000,
        "othercomprehensiveincomelossderivativesqualifyingashedgesbeforetax": -52000000,
        "othercomprehensiveincomelossreclassificationadjustmentfromaocionderivativesbeforetax": 4000000,
        "othercomprehensiveincomeunrealizedholdinggainlossonsecuritiesarisingduringperiodbeforetax": -4000000,
        "othercomprehensiveincomelossbeforetax": -2821000000,
        "othercomprehensiveincomelosstax": -328000000,
        "comprehensiveincomenetoftax": 1391000000
    },
    {
        "date": "2013-12-30",
        "symbol": "AAL",
        "period": "FY",
        "netincomeloss": -1526000000,
        "othercomprehensiveincomelossamortizationadjustmentfromaocipensionandotherpostretirementbenefitplansfornetpriorservicecostcreditbeforetax": -142000000,
        "othercomprehensiveincomedefinedbenefitplanchangesinfairvalue": 1565000000,
        "othercomprehensiveincomederivativeinstrumentschangesinfairvalue": -18000000,
        "othercomprehensiveincomelossreclassificationadjustmentfromaocionderivativesbeforetax": -34000000,
        "othercomprehensiveincomegainlossoninvestmentchangesinfairvalue": 1000000,
        "othercomprehensiveincomelossbeforetaxportionattributabletoparent": 52000000,
        "othercomprehensiveincomelosstaxportionattributabletoparent1": 538000000,
        "comprehensiveincomenetoftax": -590000000,
        "passengerrevenuemainline": 19594000000,
        "passengerrevenueregional": 2927000000,
        "cargoandfreightrevenue": 676000000,
        "othersalesrevenuenet": 2563000000,
        "salesrevenueservicesnet": 1322000000,
        "fuelcosts": 7628000000,
        "laborandrelatedexpense": 5267000000,
        "regionaloperatingexpenses": 3074000000,
        "aircraftmaintenancematerialsandrepairs": 1222000000,
        "landingfeesandotherrentals": 1117000000,
        "aircraftrental": 743000000,
        "sellingexpense": 1128000000,
        "depreciationandamortization": 830000000,
        "specialcharges": 282000000,
        "othercostandexpenseoperating": 2935000000,
        "costsandexpenses": 24226000000,
        "operatingincomeloss": 1534000000,
        "investmentincomeinterest": 20000000,
        "interestexpense": 700000000,
        "interestexpenserelatedparty": 10000000,
        "othernonoperatingincomeexpense": -84000000,
        "nonoperatingincomeexpense": -774000000,
        "incomelossbeforereorganizationitemsnet": 760000000,
        "reorganizationitems": 2640000000,
        "incomelossfromcontinuingoperationsbeforeincometaxesminorityinterestandincomelossfromequitymethodinvestments": -1880000000,
        "incometaxexpensebenefit": -354000000,
        "earningspersharebasic": -11.25,
        "earningspersharediluted": -11.25,
        "weightedaveragenumberofsharesoutstandingbasic": 163046000,
        "weightedaveragenumberofdilutedsharesoutstanding": 163046000,
        "contractualinterestexpenseonprepetitionliabilitiesnotrecognizedinstatementofoperations": 772000000
    },
    {
        "date": "2012-12-30",
        "symbol": "AAL",
        "period": "FY",
        "netincomeloss": -1876000000,
        "othercomprehensiveincomereclassificationofdefinedbenefitplansnetgainlossrecognizedinnetperiodicbenefitcostbeforetax": 130000000,
        "othercomprehensiveincomedefinedbenefitplanchangesinfairvalue": -1910000000,
        "amrothercomprehensiveincomebenefitplanmodifications": 3345000000,
        "othercomprehensiveincomederivativeinstrumentschangesinfairvalue": 12000000,
        "othercomprehensiveincomereclassificationadjustmentonderivativesincludedinnetincomebeforetax": 3000000,
        "othercomprehensiveincomegainlossoninvestmentchangesinfairvalue": 3000000,
        "othercomprehensiveincomelossbeforetaxportionattributabletoparent": 1553000000,
        "othercomprehensiveincomelosstaxportionattributabletoparent": 569000000,
        "comprehensiveincomenetoftax": -892000000,
        "passengerrevenuemainline": 18743000000,
        "passengerrevenueregional": 2914000000,
        "cargoandfreightrevenue": 669000000,
        "othersalesrevenuenet": 2529000000,
        "salesrevenueservicesnet": 5813000000,
        "fuelcosts": 8717000000,
        "laborandrelatedexpense": 6897000000,
        "landingfeesandotherrentals": 1304000000,
        "depreciationandamortization": 1400000000,
        "aircraftmaintenancematerialsandrepairs": 1015000000,
        "sellingexpense": 1050000000,
        "aircraftrental": 550000000,
        "costofservicescatering": 536000000,
        "specialcharges": 387000000,
        "othercostandexpenseoperating": 2892000000,
        "costsandexpenses": 24748000000,
        "operatingincomeloss": 107000000,
        "investmentincomeinterest": 26000000,
        "interestexpense": 662000000,
        "interestcostscapitalized": -50000000,
        "othernonoperatingincomeexpense": 242000000,
        "nonoperatingincomeexpense": -344000000,
        "incomelossbeforereorganizationitemsnet": -237000000,
        "reorganizationitems": 2208000000,
        "incomelossfromcontinuingoperationsbeforeincometaxesminorityinterestandincomelossfromequitymethodinvestments": -2445000000,
        "incometaxexpensebenefit": -569000000,
        "earningspersharebasic": -5.6,
        "earningspersharediluted": -5.6,
        "contractualinterestexpenseonprepetitionliabilitiesnotrecognizedinstatementofoperations": -745000000
    },
    {
        "date": "2011-12-30",
        "symbol": "AAL",
        "period": "FY",
        "passengerrevenuemainline": 17947000000,
        "passengerrevenueregional": 2724000000,
        "cargoandfreightrevenue": 703000000,
        "othersalesrevenuenet": 2605000000,
        "salesrevenueservicesnet": 13804000000,
        "fuelcosts": 8304000000,
        "laborandrelatedexpense": 7053000000,
        "landingfeesandotherrentals": 1432000000,
        "depreciationandamortization": 1086000000,
        "aircraftmaintenancematerialsandrepairs": 1284000000,
        "sellingexpense": 1062000000,
        "aircraftrental": 662000000,
        "costofservicescatering": 518000000,
        "specialcharges": 725000000,
        "othercostandexpenseoperating": 2907000000,
        "costsandexpenses": 25033000000,
        "operatingincomeloss": -1054000000,
        "investmentincomeinterest": 26000000,
        "interestexpense": 826000000,
        "interestcostscapitalized": -40000000,
        "othernonoperatingincomeexpense": -47000000,
        "nonoperatingincomeexpense": -807000000,
        "incomelossbeforereorganizationitemsnet": -1861000000,
        "reorganizationitems": 118000000,
        "incomelossfromcontinuingoperationsbeforeincometaxesminorityinterestandincomelossfromequitymethodinvestments": -1979000000,
        "netincomeloss": -1979000000,
        "earningspersharebasic": -5.91,
        "earningspersharediluted": -5.91,
        "contractualinterestexpenseonprepetitionliabilitiesnotrecognizedinstatementofoperations": 833000000,
        "othercomprehensiveincomeamortizationofdefinedbenefitplannetpriorservicecostcreditrecognizedinnetperiodicbenefitcostbeforetax": -68000000,
        "othercomprehensiveincomedefinedbenefitplanchangesinfairvalue": -1216000000,
        "othercomprehensiveincomederivativeinstrumentschangesinfairvalue": -190000000,
        "othercomprehensiveincomereclassificationadjustmentonderivativesincludedinnetincomebeforetax": 313000000,
        "othercomprehensiveincomelossbeforetaxportionattributabletoparent": -1209000000,
        "comprehensiveincomenetoftax": -3188000000
    },
    {
        "date": "2010-12-30",
        "symbol": "AAL",
        "period": "FY",
        "passengerrevenuemainline": 16760000000,
        "passengerrevenueregional": 2327000000,
        "cargoandfreightrevenue": 672000000,
        "othersalesrevenuenet": 2411000000,
        "salesrevenueservicesnet": 22170000000,
        "laborandrelatedexpense": 6847000000,
        "fuelcosts": 6400000000,
        "landingfeesandotherrentals": 1418000000,
        "depreciationandamortization": 1093000000,
        "aircraftmaintenancematerialsandrepairs": 1329000000,
        "sellingexpense": 976000000,
        "aircraftrental": 580000000,
        "foodservice": 490000000,
        "othercostandexpenseoperating": 2729000000,
        "costsandexpenses": 21862000000,
        "operatingincomeloss": 308000000,
        "investmentincomeinterest": 26000000,
        "interestexpense": 823000000,
        "interestcostscapitalized": -31000000,
        "othernonoperatingincomeexpense": -48000000,
        "nonoperatingincomeexpense": -814000000,
        "incomelossfromcontinuingoperationsbeforeincometaxesminorityinterestandincomelossfromequitymethodinvestments": -506000000,
        "incometaxexpensebenefit": -35000000,
        "netincomeloss": -471000000,
        "earningspersharebasic": -1.41,
        "earningspersharediluted": -1.41
    }
]