[
    {
        "date": "2021-12-31",
        "symbol": "AMC",
        "period": "FY",
        "costofgoodsandservicessold": 607700000,
        "netincomeloss": -1269100000,
        "comprehensiveincomenetoftaxincludingportionattributabletononcontrollinginterest": -1336800000,
        "interestexpensedebt": 414900000,
        "mergeracquisitiontransactioncosts": 13700000,
        "othercomprehensiveincomeforeigncurrencytransactionandtranslationadjustmentnetoftaxportionattributabletoparent": -78900000,
        "weightedaveragenumberofdilutedsharesoutstanding": 477410000,
        "weightedaveragenumberofsharesoutstandingbasic": 477410000,
        "financeleaseinterestexpense": 5200000,
        "operatingincomeloss": -930000000,
        "nonoperatingincomeexpenseincludingincomelossfromequitymethodinvestments": -350000000,
        "operatingleaseexpense": 828000000,
        "incomelossfromequitymethodinvestments": 11000000,
        "othergeneralandadministrativeexpense": 226600000,
        "netincomelossattributabletononcontrollinginterest": -700000,
        "comprehensiveincomelossnetoftaxincludinginvestmentattributabletononcontrollinginterest": -67000000,
        "incometaxexpensebenefit": -10200000,
        "exhibitorserviceagreement": 38000000,
        "othercostandexpenseoperating": 1141800000,
        "costsandexpenses": 3457900000,
        "revenuefromcontractwithcustomerexcludingassessedtax": 2527900000,
        "investmentincomenet": 9200000,
        "othercomprehensiveincomeforeigncurrencytransactionandtranslationgainlossarisingduringperiodnetoftax": -400000,
        "othercomprehensiveincomedefinedbenefitplansnetunamortizedgainlossarisingduringperiodnetoftax": 12300000,
        "earningspersharediluted": -2.66,
        "comprehensiveincomenetoftaxattributabletononcontrollinginterest": -900000,
        "earningspersharebasic": -2.66,
        "incomelossfromcontinuingoperationsbeforeincometaxesextraordinaryitemsnoncontrollinginterest": -1280000000,
        "depreciationdepletionandamortization": 425000000,
        "othernonoperatingincomeexpense": 87900000,
        "assetimpairmentcharges": 77200000,
        "incomelossfromcontinuingoperationsincludingportionattributabletononcontrollinginterest": -1269800000,
        "comprehensiveincomenetoftax": -1335900000
    },
    {
        "date": "2020-12-31",
        "symbol": "AMC",
        "period": "FY",
        "costofgoodsandservicessold": 322700000,
        "netincomeloss": -4589100000,
        "comprehensiveincomenetoftaxincludingportionattributabletononcontrollinginterest": -4524600000,
        "interestexpensedebt": 311000000,
        "mergeracquisitiontransactioncosts": 24600000,
        "othercomprehensiveincomeforeigncurrencytransactionandtranslationadjustmentnetoftaxportionattributabletoparent": 67000000,
        "weightedaveragenumberofdilutedsharesoutstanding": 117212000,
        "weightedaveragenumberofsharesoutstandingbasic": 117212000,
        "financeleaseinterestexpense": 5900000,
        "operatingincomeloss": -4102700000,
        "nonoperatingincomeexpenseincludingincomelossfromequitymethodinvestments": -426800000,
        "operatingleaseexpense": 884100000,
        "incomelossfromequitymethodinvestments": -30900000,
        "othergeneralandadministrativeexpense": 156700000,
        "netincomelossattributabletononcontrollinginterest": -300000,
        "incometaxexpensebenefit": 59900000,
        "othercomprehensiveincomelossnetoftaxportionattributabletoparent": 64800000,
        "exhibitorserviceagreement": 40000000,
        "othercostandexpenseoperating": 856000000,
        "costsandexpenses": 5345100000,
        "revenuefromcontractwithcustomerexcludingassessedtax": 1242400000,
        "investmentincomenet": -10100000,
        "othercomprehensiveincomeforeigncurrencytransactionandtranslationgainlossarisingduringperiodnetoftax": 1900000,
        "othercomprehensiveincomedefinedbenefitplansnetunamortizedgainlossarisingduringperiodnetoftax": -4100000,
        "earningspersharediluted": -39.15,
        "comprehensiveincomenetoftaxattributabletononcontrollinginterest": -100000,
        "earningspersharebasic": -39.15,
        "incomelossfromcontinuingoperationsbeforeincometaxesextraordinaryitemsnoncontrollinginterest": -4529500000,
        "depreciationdepletionandamortization": 498300000,
        "othernonoperatingincomeexpense": -28900000,
        "assetimpairmentcharges": 2513900000,
        "incomelossfromcontinuingoperationsincludingportionattributabletononcontrollinginterest": -4589400000,
        "comprehensiveincomenetoftax": -4524500000
    },
    {
        "date": "2019-12-31",
        "symbol": "AMC",
        "period": "FY",
        "costofgoodsandservicessold": 1699100000,
        "netincomeloss": -149100000,
        "earningspersharebasic": -1.44,
        "mergeracquisitiontransactioncosts": 15500000,
        "othercomprehensiveincomeforeigncurrencytransactionandtranslationadjustmentnetoftaxportionattributabletoparent": -16500000,
        "interestexpensedebt": 292800000,
        "othercomprehensiveincomelosscashflowhedgegainlossbeforereclassificationaftertax": -100000,
        "weightedaveragenumberofdilutedsharesoutstanding": 103832000,
        "weightedaveragenumberofsharesoutstandingbasic": 103832000,
        "operatingincomeloss": 136000000,
        "nonoperatingincomeexpenseincludingincomelossfromequitymethodinvestments": -307600000,
        "operatingleaseexpense": 967800000,
        "incomelossfromequitymethodinvestments": 30600000,
        "impairmentoflonglivedassetsheldforuse": 84300000,
        "commonstockdividendspersharedeclared": 0.2,
        "incometaxexpensebenefit": -22500000,
        "exhibitorserviceagreement": 40400000,
        "othercostandexpenseoperating": 1686600000,
        "costsandexpenses": 5335000000,
        "interestexpensecapitalandfinancingleaseobligations": 7600000,
        "revenuefromcontractwithcustomerexcludingassessedtax": 5471000000,
        "investmentincomenet": 16000000,
        "othercomprehensiveincomeforeigncurrencytransactionandtranslationgainlossarisingduringperiodnetoftax": 500000,
        "othercomprehensiveincomedefinedbenefitplansnetunamortizedgainlossarisingduringperiodnetoftax": -15500000,
        "earningspersharediluted": -1.44,
        "generalandadministrativeexpense": 153000000,
        "totalotherproductandservicemember": 450100000,
        "incomelossfromcontinuingoperationsbeforeincometaxesextraordinaryitemsnoncontrollinginterest": -171600000,
        "depreciationdepletionandamortization": 450000000,
        "admissionmember": 1699100000,
        "othernonoperatingincomeexpense": -13400000,
        "othercomprehensiveincomelossnetoftaxportionattributabletoparent": -31600000,
        "comprehensiveincomenetoftax": -180700000,
        "foodandbeveragemember": 278700000
    },
    {
        "date": "2018-12-31",
        "symbol": "AMC",
        "period": "FY",
        "costofgoodsandservicessold": 1710200000,
        "netincomeloss": 110100000,
        "interestexpensedebt": 262300000,
        "mergeracquisitiontransactioncosts": 31300000,
        "othercomprehensiveincomelosscashflowhedgegainlossreclassificationaftertax": 2200000,
        "othercomprehensiveincomeforeigncurrencytransactionandtranslationadjustmentnetoftaxportionattributabletoparent": -127700000,
        "othercomprehensiveincomelosscashflowhedgegainlossbeforereclassificationaftertax": 200000,
        "weightedaveragenumberofdilutedsharesoutstanding": 130105000,
        "weightedaveragenumberofsharesoutstandingbasic": 120621000,
        "operatingincomeloss": 265000000,
        "incomelossfromcontinuingoperationsbeforeincometaxesextraordinaryitemsnoncontrollinginterest": 123700000,
        "incomelossfromequitymethodinvestments": 86700000,
        "impairmentoflonglivedassetsheldforuse": 13800000,
        "othergeneralandadministrativeexpense": 179300000,
        "commonstockdividendspersharedeclared": 0.2,
        "incometaxexpensebenefit": 13600000,
        "exhibitorserviceagreement": 41500000,
        "othercostandexpenseoperating": 1654700000,
        "costsandexpenses": 5195800000,
        "interestexpensecapitalandfinancingleaseobligations": 38500000,
        "revenuefromcontractwithcustomerexcludingassessedtax": 5460800000,
        "investmentincomenet": 6200000,
        "othercomprehensiveincomeforeigncurrencytransactionandtranslationgainlossarisingduringperiodnetoftax": 1000000,
        "othercomprehensiveincomedefinedbenefitplansnetunamortizedgainlossarisingduringperiodnetoftax": 4200000,
        "earningspersharediluted": 0.41,
        "earningspersharebasic": 0.91,
        "totalotherproductandservicemember": 404300000,
        "depreciationdepletionandamortization": 537800000,
        "admissionmember": 3385000000,
        "othernonoperatingincomeexpense": 108100000,
        "othercomprehensiveincomelossnetoftaxportionattributabletoparent": -124500000,
        "comprehensiveincomenetoftax": -14400000,
        "leaseandrentalexpense": 797800000,
        "foodandbeveragemember": 1671500000
    },
    {
        "date": "2017-12-31",
        "symbol": "AMC",
        "period": "FY",
        "netincomeloss": -487200000,
        "foodandbeveragecostofsales": 252100000,
        "interestexpensedebt": 231600000,
        "mergeracquisitiontransactioncosts": 63000000,
        "othercomprehensiveincomedefinedbenefitplansnetunamortizedgainlossarisingduringperiodnetoftax": -3000000,
        "othercomprehensiveincomelossreclassificationadjustmentfromaociforsaleofsecuritiesnetoftax": 400000,
        "othercomprehensiveincomeforeigncurrencytransactionandtranslationadjustmentnetoftaxportionattributabletoparent": 131700000,
        "othercomprehensiveincomelossreclassificationadjustmentfromaocionderivativesnetoftax": 900000,
        "weightedaveragenumberofdilutedsharesoutstanding": 128246000,
        "weightedaveragenumberofsharesoutstandingbasic": 128246000,
        "operatingincomeloss": 101800000,
        "nonoperatingincomeexpenseincludingincomelossfromequitymethodinvestments": -434900000,
        "incomelossfromcontinuingoperationsbeforeincometaxesextraordinaryitemsnoncontrollinginterest": -333100000,
        "foodandbeveragerevenue": 1548400000,
        "incomelossfromequitymethodinvestments": -185200000,
        "impairmentoflonglivedassetsheldforuse": 43600000,
        "othergeneralandadministrativeexpense": 133400000,
        "commonstockdividendspersharedeclared": 0.8,
        "incometaxexpensebenefit": 154100000,
        "othercostandexpenseoperating": 1548000000,
        "costsandexpenses": 4977400000,
        "interestexpensecapitalandfinancingleaseobligations": 42400000,
        "othersalesrevenuenet": 301300000,
        "investmentincomenet": 22600000,
        "earningspersharediluted": -3.8,
        "admissionsrevenue": 3229500000,
        "earningspersharebasic": -3.8,
        "othercomprehensiveincomeunrealizedholdinggainlossonsecuritiesarisingduringperiodnetoftax": 700000,
        "depreciationdepletionandamortization": 538600000,
        "othernonoperatingincomeexpense": 1700000,
        "filmexhibitioncosts": 1604300000,
        "othercomprehensiveincomelossnetoftaxportionattributabletoparent": 128100000,
        "revenues": 5079200000,
        "leaseandrentalexpense": 794400000,
        "incomelossfromcontinuingoperations": -487200000,
        "comprehensiveincomenetoftax": -359100000
    },
    {
        "date": "2016-12-31",
        "symbol": "AMC",
        "period": "FY",
        "interestexpensedebt": 110731000,
        "netincomelossavailabletocommonstockholdersbasic": 111667000,
        "mergeracquisitiontransactioncosts": 47895000,
        "othercomprehensiveincomedefinedbenefitplansnetunamortizedgainlossarisingduringperiodnetoftax": -293000,
        "othercomprehensiveincomelossreclassificationadjustmentfromaociforsaleofsecuritiesnetoftax": 1816000,
        "othercomprehensiveincomeforeigncurrencytransactionandtranslationadjustmentnetoftaxportionattributabletoparent": -3881000,
        "othercomprehensiveincomelossreclassificationadjustmentfromaocionderivativesnetoftax": -342000,
        "weightedaveragenumberofdilutedsharesoutstanding": 98872000,
        "weightedaveragenumberofsharesoutstandingbasic": 98838000,
        "othercomprehensiveincomeunrealizedgainlossonderivativesarisingduringperiodnetoftax": -309000,
        "othercomprehensiveincomelossreclassificationadjustmentfromaocifinalizationofpensionandotherpostretirementbenefitplanvaluationsettlementnetoftax": 3000,
        "operatingincomeloss": 212858000,
        "nonoperatingincomeexpenseincludingincomelossfromequitymethodinvestments": -63219000,
        "incomelossfromcontinuingoperationsbeforeincometaxesextraordinaryitemsnoncontrollinginterest": 149639000,
        "foodandbeveragerevenue": 1019093000,
        "incomelossfromequitymethodinvestments": 47718000,
        "impairmentoflonglivedassetsheldforuse": 5544000,
        "incomelossfromcontinuingoperationsperbasicshare": 1.13,
        "othergeneralandadministrativeexpense": 90719000,
        "incomelossfromcontinuingoperationsperdilutedshare": 1.13,
        "commonstockdividendspersharedeclared": 0.8,
        "incometaxexpensebenefit": 37972000,
        "othercostandexpenseoperating": 873456000,
        "costsandexpenses": 3022988000,
        "interestexpensecapitalandfinancingleaseobligations": 10806000,
        "othersalesrevenuenet": 167325000,
        "investmentincomenet": 10154000,
        "earningspersharediluted": 1.13,
        "admissionsrevenue": 2049428000,
        "earningspersharebasic": 1.13,
        "filmexhibitioncosts": 1089501000,
        "othercomprehensiveincomelossreclassificationadjustmentfromaocipensionandotherpostretirementbenefitplansfornetgainlossnetoftax": -16000,
        "othercomprehensiveincomeunrealizedholdinggainlossonsecuritiesarisingduringperiodnetoftax": 589000,
        "depreciationdepletionandamortization": 268243000,
        "othernonoperatingincomeexpense": 446000,
        "foodandbeveragecostofsales": 142167000,
        "othercomprehensiveincomelossnetoftaxportionattributabletoparent": -5355000,
        "revenues": 3235846000,
        "leaseandrentalexpense": 505463000,
        "incomelossfromcontinuingoperations": 111667000,
        "comprehensiveincomenetoftax": 106312000
    },
    {
        "date": "2015-12-31",
        "symbol": "AMC",
        "period": "FY",
        "interestexpensedebt": 96857000,
        "netincomelossavailabletocommonstockholdersbasic": 103856000,
        "mergeracquisitiontransactioncosts": 3398000,
        "othercomprehensiveincomedefinedbenefitplansnetunamortizedgainlossarisingduringperiodnetoftax": 166000,
        "othercomprehensiveincomelossreclassificationadjustmentfromaociforsaleofsecuritiesnetoftax": 156000,
        "othercomprehensiveincomelossreclassificationadjustmentfromaocionderivativesnetoftax": -457000,
        "othercomprehensiveincomedefinedbenefitplannetpriorservicecostscreditarisingduringperiodnetoftax": -746000,
        "weightedaveragenumberofdilutedsharesoutstanding": 98029000,
        "weightedaveragenumberofsharesoutstandingbasic": 97963000,
        "othercomprehensiveincomeunrealizedgainlossonderivativesarisingduringperiodnetoftax": -693000,
        "investmentincomenonoperating": 6115000,
        "operatingincomeloss": 237057000,
        "othercomprehensiveincomelossreclassificationadjustmentfromaocifinalizationofpensionandotherpostretirementbenefitplanvaluationcurtailmentnetoftax": 7239000,
        "admissionsrevenue": 1892037000,
        "nonoperatingincomeexpenseincludingincomelossfromequitymethodinvestments": -73526000,
        "incomelossfromcontinuingoperationsbeforeincometaxesextraordinaryitemsnoncontrollinginterest": 163531000,
        "othercomprehensiveincomelossreclassificationadjustmentfromaocifinalizationofpensionandotherpostretirementbenefitplanvaluationsettlementnetoftax": 196000,
        "foodandbeveragerevenue": 910086000,
        "incomelossfromequitymethodinvestments": 37131000,
        "impairmentoflonglivedassetsheldforuse": 1702000,
        "incomelossfromcontinuingoperationsperbasicshare": 1.06,
        "othergeneralandadministrativeexpense": 58212000,
        "incomelossfromcontinuingoperationsperdilutedshare": 1.06,
        "commonstockdividendspersharedeclared": 0.8,
        "incometaxexpensebenefit": 59675000,
        "othercostandexpenseoperating": 795722000,
        "costsandexpenses": 2709843000,
        "interestexpensecapitalandfinancingleaseobligations": 9231000,
        "othersalesrevenuenet": 144777000,
        "othercomprehensiveincomeforeigncurrencytransactionandtranslationgainlossarisingduringperiodnetoftax": 1372000,
        "othercomprehensiveincomelossamortizationadjustmentfromaocipensionandotherpostretirementbenefitplansfornetpriorservicecostcreditnetoftax": -1762000,
        "earningspersharediluted": 1.06,
        "revenues": 2946900000,
        "earningspersharebasic": 1.06,
        "filmexhibitioncosts": 1021457000,
        "othercomprehensiveincomelossreclassificationadjustmentfromaocipensionandotherpostretirementbenefitplansfornetgainlossnetoftax": 1679000,
        "othercomprehensiveincomeunrealizedholdinggainlossonsecuritiesarisingduringperiodnetoftax": -1056000,
        "depreciationdepletionandamortization": 232961000,
        "othernonoperatingincomeexpense": -10684000,
        "foodandbeveragecostofsales": 128569000,
        "othercomprehensiveincomelossnetoftaxportionattributabletoparent": -10040000,
        "leaseandrentalexpense": 467822000,
        "incomelossfromcontinuingoperations": 103856000,
        "comprehensiveincomenetoftax": 93816000
    },
    {
        "date": "2014-12-31",
        "symbol": "AMC",
        "period": "FY",
        "interestexpensedebt": 111072000,
        "netincomelossavailabletocommonstockholdersbasic": 64080000,
        "otherexpenses": -8344000,
        "othercomprehensiveincomelossreclassificationadjustmentfromaociforsaleofsecuritiesnetoftax": 31000,
        "othercomprehensiveincomeforeigncurrencytransactionandtranslationadjustmentnetoftaxportionattributabletoparent": 978000,
        "othercomprehensiveincomelossreclassificationadjustmentfromaocionderivativesnetoftax": -528000,
        "othercomprehensiveincomedefinedbenefitplannetamortizedgainlossarisingduringperiodnetoftax": -844000,
        "weightedaveragenumberofdilutedsharesoutstanding": 97700000,
        "weightedaveragenumberofsharesoutstandingbasic": 97506000,
        "othercomprehensiveincomeunrealizedgainlossonderivativesarisingduringperiodnetoftax": -59000,
        "investmentincomenonoperating": 8145000,
        "incomelossfromcontinuingoperations": 63767000,
        "admissionsrevenue": 1765388000,
        "discontinuedoperationincomelossfromdiscontinuedoperationnetoftaxperdilutedshare": 0.01,
        "nonoperatingincomeexpense": -77835000,
        "foodandbeveragerevenue": 797735000,
        "incomelossfromequitymethodinvestments": 26615000,
        "impairmentoflonglivedassetsheldforuse": 3149000,
        "othergeneralandadministrativeexpense": 64873000,
        "earningspersharebasic": 0.66,
        "incomelossfromcontinuingoperationsperdilutedshare": 0.65,
        "filmexhibitioncosts": 934246000,
        "incometaxexpensebenefit": 33470000,
        "othercostandexpenseoperating": 733338000,
        "costsandexpenses": 2520318000,
        "interestexpensecapitalandfinancingleaseobligations": 9867000,
        "discontinuedoperationincomelossfromdiscontinuedoperationnetoftaxperbasicshare": 0.01,
        "othersalesrevenuenet": 132267000,
        "othercomprehensiveincomedefinedbenefitplansnetunamortizedgainlossarisingduringperiodnetoftax": -13543000,
        "earningspersharediluted": 0.66,
        "dividendspayableamountpershare": 0.6,
        "mergeracquisitionandtransactionrelatedcosts": 1161000,
        "othercomprehensiveincomelossamortizationadjustmentfromaocipensionandotherpostretirementbenefitplansfornetpriorservicecostscreditnetoftax": -1016000,
        "revenues": 2695390000,
        "incomelossfromcontinuingoperationsbeforeincometaxesextraordinaryitemsnoncontrollinginterest": 97237000,
        "othercomprehensiveincomeunrealizedholdinggainlossonsecuritiesarisingduringperiodnetoftax": 2627000,
        "depreciationdepletionandamortization": 216321000,
        "incomelossfromcontinuingoperationsperbasicshare": 0.65,
        "foodandbeveragecostofsales": 111991000,
        "othercomprehensiveincomelossnetoftaxportionattributabletoparent": -11360000,
        "incomelossfromdiscontinuedoperationsnetoftaxattributabletoreportingentity": 313000,
        "leaseandrentalexpense": 455239000,
        "operatingincomeloss": 175072000,
        "comprehensiveincomenetoftax": 52720000
    },
    {
        "date": "2013-12-31",
        "symbol": "AMC",
        "period": "FY",
        "admissionsRevenue": 1842977000,
        "foodAndBeverageRevenue": 785041000,
        "otherSalesRevenueNet": 114922000,
        "revenues": 2742940000,
        "amc:FilmExhibitionCosts": 974917000,
        "foodAndBeverageCostOfSales": 106926000,
        "otherCostAndExpenseOperating": 722984000,
        "leaseAndRentalExpense": 449833000,
        "otherGeneralAndAdministrativeExpense": 97259000,
        "depreciationDepletionAndAmortization": 197486000,
        "costsAndExpenses": 2552288000,
        "interestExpenseDebt": 173633000,
        "amc:InterestExpenseCapitalAndFinancingLeaseObligations": 10264000,
        "netIncomeLossAvailableToCommonStockholdersBasic": 349185000,
        "operatingIncomeLoss": 190652000,
        "incomeLossFromEquityMethodInvestments": 47424000,
        "investmentIncomeNonoperating": 30373000,
        "nonoperatingIncomeExpense": -105826000,
        "incomeLossFromContinuingOperationsBeforeIncomeTaxesExtraordinaryItemsNoncontrollingInterest": 84826000,
        "incomeTaxExpenseBenefit": -263383000,
        "incomeLossFromContinuingOperations": 348209000,
        "incomeLossFromDiscontinuedOperationsNetOfTaxAttributableToReportingEntity": 976000
    },
    {
        "date": "2012-03-29",
        "symbol": "AMC",
        "period": "FY",
        "admissionsRevenue": 1777467000,
        "concessionsRevenue": 709872000,
        "otherSalesRevenueNet": 113255000,
        "revenues": 2600594000,
        "concessionsCosts": 97236000,
        "otherCostAndExpenseOperating": 721426000,
        "leaseAndRentalExpense": 468823000,
        "sponsorFees": 5000000,
        "otherGeneralAndAdministrativeExpense": 51776000,
        "depreciationDepletionAndAmortization": 214029000,
        "costsAndExpenses": 2506457000,
        "assetImpairmentCharges": 285000,
        "operatingIncomeLoss": 94137000,
        "interestExpenseDebt": 161645000,
        "incomeLossFromEquityMethodInvestments": 12559000,
        "investmentIncomeNonoperating": -17629000,
        "nonoperatingIncomeExpense": -174085000,
        "incomeLossFromContinuingOperationsBeforeIncomeTaxesExtraordinaryItemsNoncontrollingInterest": -79948000,
        "incomeTaxExpenseBenefit": 2015000,
        "incomeLossFromContinuingOperations": -81963000,
        "incomeLossFromDiscontinuedOperationsNetOfTaxAttributableToReportingEntity": -25000,
        "netIncomeLossAvailableToCommonStockholdersBasic": -81988000
    }
]