[
    {
        "date": "2022-12-31",
        "symbol": "AMZN",
        "period": "FY",
        "revenuefromcontractwithcustomerexcludingassessedtax": 242901000000,
        "costofgoodsandservicessold": 288831000000,
        "fulfillmentexpense": 84299000000,
        "technologyandcontentexpense": 73213000000,
        "marketingexpense": 42238000000,
        "generalandadministrativeexpense": 11891000000,
        "otheroperatingincomeexpensenet": -1263000000,
        "costsandexpenses": 501735000000,
        "operatingincomeloss": 12248000000,
        "investmentincomeinterest": 989000000,
        "interestexpense": 2367000000,
        "othernonoperatingincomeexpense": -16806000000,
        "nonoperatingincomeexpense": -18184000000,
        "incomelossfromcontinuingoperationsbeforeincometaxesminorityinterestandincomelossfromequitymethodinvestments": -5936000000,
        "incometaxexpensebenefit": -3217000000,
        "incomelossfromequitymethodinvestments": -3000000,
        "netincomeloss": -2722000000,
        "earningspersharebasic": -0.27,
        "earningspersharediluted": -0.27,
        "weightedaveragenumberofsharesoutstandingbasic": 10189000000,
        "weightedaveragenumberofdilutedsharesoutstanding": 10189000000,
        "othercomprehensiveincomeforeigncurrencytransactionandtranslationgainlossarisingduringperiodnetoftax": -2586000000,
        "othercomprehensiveincomeunrealizedholdinggainlossonsecuritiesarisingduringperiodnetoftax": -823000000,
        "othercomprehensiveincomelossreclassificationadjustmentfromaociforsaleofsecuritiesnetoftax": -298000000,
        "othercomprehensiveincomelossavailableforsalesecuritiesadjustmentnetoftax": -525000000,
        "othercomprehensiveincomelossnetoftax": -3111000000,
        "comprehensiveincomenetoftax": -5833000000,
        "othercomprehensiveincomeforeigncurrencytranslationgainlossarisingduringperiodtax": -100000000,
        "othercomprehensiveincomeunrealizedholdinggainlossonsecuritiesarisingduringperiodtax": -159000000
    },
    {
        "date": "2021-12-31",
        "symbol": "AMZN",
        "period": "FY",
        "revenuefromcontractwithcustomerexcludingassessedtax": 241787000000,
        "costofgoodsandservicessold": 272344000000,
        "fulfillmentexpense": 75111000000,
        "technologyandcontentexpense": 56052000000,
        "marketingexpense": 32551000000,
        "generalandadministrativeexpense": 8823000000,
        "otheroperatingincomeexpensenet": -62000000,
        "costsandexpenses": 444943000000,
        "operatingincomeloss": 24879000000,
        "investmentincomeinterest": 448000000,
        "interestexpense": 1809000000,
        "othernonoperatingincomeexpense": 14633000000,
        "nonoperatingincomeexpense": 13272000000,
        "incomelossfromcontinuingoperationsbeforeincometaxesminorityinterestandincomelossfromequitymethodinvestments": 38151000000,
        "incometaxexpensebenefit": 4791000000,
        "incomelossfromequitymethodinvestments": 4000000,
        "netincomeloss": 33364000000,
        "earningspersharebasic": 65.96,
        "earningspersharediluted": 64.81,
        "weightedaveragenumberofsharesoutstandingbasic": 506000000,
        "weightedaveragenumberofdilutedsharesoutstanding": 515000000,
        "othercomprehensiveincomeforeigncurrencytransactionandtranslationgainlossarisingduringperiodnetoftax": -819000000,
        "othercomprehensiveincomelossforeigncurrencytransactionandtranslationadjustmentnetoftax": -819000000,
        "othercomprehensiveincomeunrealizedholdinggainlossonsecuritiesarisingduringperiodnetoftax": -343000000,
        "othercomprehensiveincomelossreclassificationadjustmentfromaociforsaleofsecuritiesnetoftax": 34000000,
        "othercomprehensiveincomelossavailableforsalesecuritiesadjustmentnetoftax": -377000000,
        "othercomprehensiveincomelossnetoftax": -1196000000,
        "comprehensiveincomenetoftax": 32168000000,
        "othercomprehensiveincomeforeigncurrencytranslationgainlossarisingduringperiodtax": 47000000,
        "othercomprehensiveincomeunrealizedholdinggainlossonsecuritiesarisingduringperiodtax": 72000000,
        "othercomprehensiveincomelossreclassificationadjustmentfromaociforsaleofsecuritiestax": -13000000
    },
    {
        "date": "2020-12-31",
        "symbol": "AMZN",
        "period": "FY",
        "revenuefromcontractwithcustomerexcludingassessedtax": 215915000000,
        "costofgoodsandservicessold": 233307000000,
        "fulfillmentexpense": 58517000000,
        "technologyandcontentexpense": 42740000000,
        "marketingexpense": 22008000000,
        "generalandadministrativeexpense": 6668000000,
        "otheroperatingincomeexpensenet": 75000000,
        "costsandexpenses": 363165000000,
        "operatingincomeloss": 22899000000,
        "investmentincomeinterest": 555000000,
        "interestexpense": 1647000000,
        "othernonoperatingincomeexpense": 2371000000,
        "nonoperatingincomeexpense": 1279000000,
        "incomelossfromcontinuingoperationsbeforeincometaxesminorityinterestandincomelossfromequitymethodinvestments": 24178000000,
        "incometaxexpensebenefit": 2863000000,
        "incomelossfromequitymethodinvestments": 16000000,
        "netincomeloss": 21331000000,
        "earningspersharebasic": 42.64,
        "earningspersharediluted": 41.83,
        "weightedaveragenumberofsharesoutstandingbasic": 500000000,
        "weightedaveragenumberofdilutedsharesoutstanding": 510000000,
        "othercomprehensiveincomeforeigncurrencytransactionandtranslationgainlossarisingduringperiodnetoftax": 561000000,
        "othercomprehensiveincomelossforeigncurrencytransactionandtranslationadjustmentnetoftax": 561000000,
        "othercomprehensiveincomeunrealizedholdinggainlossonsecuritiesarisingduringperiodnetoftax": 273000000,
        "othercomprehensiveincomelossreclassificationadjustmentfromaociforsaleofsecuritiesnetoftax": 28000000,
        "othercomprehensiveincomelossavailableforsalesecuritiesadjustmentnetoftax": 245000000,
        "othercomprehensiveincomelossnetoftax": 806000000,
        "comprehensiveincomenetoftax": 22137000000,
        "othercomprehensiveincomeforeigncurrencytranslationgainlossarisingduringperiodtax": -36000000,
        "othercomprehensiveincomeunrealizedholdinggainlossonsecuritiesarisingduringperiodtax": -83000000,
        "othercomprehensiveincomelossreclassificationadjustmentfromaociforsaleofsecuritiestax": -8000000
    },
    {
        "date": "2019-12-31",
        "symbol": "AMZN",
        "period": "FY",
        "netincomeloss": 11588000000,
        "othercomprehensiveincomeforeigncurrencytransactionandtranslationgainlossarisingduringperiodnetoftax": 78000000,
        "othercomprehensiveincomelossforeigncurrencytransactionandtranslationreclassficationadjustmentfromaocinetoftax": 108000000,
        "othercomprehensiveincomelossforeigncurrencytransactionandtranslationadjustmentnetoftax": -30000000,
        "othercomprehensiveincomeunrealizedholdinggainlossonsecuritiesarisingduringperiodnetoftax": 83000000,
        "othercomprehensiveincomelossreclassificationadjustmentfromaociforsaleofsecuritiesnetoftax": 4000000,
        "othercomprehensiveincomelossavailableforsalesecuritiesadjustmentnetoftax": 79000000,
        "othercomprehensiveincomelossnetoftax": 49000000,
        "comprehensiveincomenetoftax": 11637000000,
        "othercomprehensiveincomeforeigncurrencytranslationgainlossarisingduringperiodtax": -5000000,
        "othercomprehensiveincomelossforeigncurrencytransactionandtranslationreclassficationadjustmentfromaocitax": 29000000,
        "othercomprehensiveincomeunrealizedholdinggainlossonsecuritiesarisingduringperiodtax": -12000000,
        "revenuefromcontractwithcustomerexcludingassessedtax": 160408000000,
        "costofgoodsandservicessold": 165536000000,
        "fulfillmentexpense": 40232000000,
        "technologyandcontentexpense": 35931000000,
        "marketingexpense": 18878000000,
        "generalandadministrativeexpense": 5203000000,
        "othercostandexpenseoperating": 201000000,
        "costsandexpenses": 265981000000,
        "operatingincomeloss": 14541000000,
        "investmentincomeinterest": 832000000,
        "interestexpense": 1600000000,
        "othernonoperatingincomeexpense": 203000000,
        "nonoperatingincomeexpense": -565000000,
        "incomelossfromcontinuingoperationsbeforeincometaxesminorityinterestandincomelossfromequitymethodinvestments": 13976000000,
        "incometaxexpensebenefit": 2374000000,
        "incomelossfromequitymethodinvestments": -14000000,
        "earningspersharebasic": 23.46,
        "earningspersharediluted": 23.01,
        "weightedaveragenumberofsharesoutstandingbasic": 494000000,
        "weightedaveragenumberofdilutedsharesoutstanding": 504000000
    },
    {
        "date": "2018-12-31",
        "symbol": "AMZN",
        "period": "FY",
        "netincomeloss": 10073000000,
        "othercomprehensiveincomelossforeigncurrencytransactionandtranslationadjustmentnetoftax": -538000000,
        "othercomprehensiveincomeunrealizedholdinggainlossonsecuritiesarisingduringperiodnetoftax": -17000000,
        "othercomprehensiveincomelossreclassificationadjustmentfromaociforsaleofsecuritiesnetoftax": -8000000,
        "othercomprehensiveincomelossavailableforsalesecuritiesadjustmentnetoftax": -9000000,
        "othercomprehensiveincomelossnetoftax": -547000000,
        "comprehensiveincomenetoftax": 9526000000,
        "othercomprehensiveincomelossforeigncurrencytranslationadjustmenttax": 6000000,
        "revenuefromcontractwithcustomerexcludingassessedtax": 141366000000,
        "costofgoodsandservicessold": 139156000000,
        "fulfillmentexpense": 34027000000,
        "marketingexpense": 13814000000,
        "technologyandcontentexpense": 28837000000,
        "generalandadministrativeexpense": 4336000000,
        "othercostandexpenseoperating": 296000000,
        "costsandexpenses": 134099000000,
        "operatingincomeloss": 7267000000,
        "investmentincomeinterest": 440000000,
        "interestexpense": 1417000000,
        "othernonoperatingincomeexpense": -183000000,
        "nonoperatingincomeexpense": -1160000000,
        "incomelossfromcontinuingoperationsbeforeincometaxesminorityinterestandincomelossfromequitymethodinvestments": 11261000000,
        "incometaxexpensebenefit": 1197000000,
        "incomelossfromequitymethodinvestments": 9000000,
        "earningspersharebasic": 20.68,
        "earningspersharediluted": 20.14,
        "weightedaveragenumberofsharesoutstandingbasic": 487000000,
        "weightedaveragenumberofdilutedsharesoutstanding": 500000000
    },
    {
        "date": "2017-12-31",
        "symbol": "AMZN",
        "period": "FY",
        "netincomeloss": 3033000000,
        "othercomprehensiveincomelossforeigncurrencytransactionandtranslationadjustmentnetoftax": 533000000,
        "othercomprehensiveincomeunrealizedholdinggainlossonsecuritiesarisingduringperiodnetoftax": -39000000,
        "othercomprehensiveincomelossreclassificationadjustmentfromaociforsaleofsecuritiesnetoftax": -7000000,
        "othercomprehensiveincomelossavailableforsalesecuritiesadjustmentnetoftax": -32000000,
        "othercomprehensiveincomelossnetoftax": 533000000,
        "comprehensiveincomenetoftax": 3534000000,
        "othercomprehensiveincomelossforeigncurrencytranslationadjustmenttax": 5000000,
        "othercomprehensiveincomeunrealizedholdinggainlossonsecuritiesarisingduringperiodtax": 5000000,
        "salesrevenuegoodsnet": 118573000000,
        "salesrevenueservicesnet": 59293000000,
        "salesrevenuenet": 17150000000,
        "costofgoodsandservicessold": 111934000000,
        "fulfillmentexpense": 25249000000,
        "marketingexpense": 10069000000,
        "technologyandcontentexpense": 22620000000,
        "generalandadministrativeexpense": 3674000000,
        "othercostandexpenseoperating": 214000000,
        "costsandexpenses": 103273000000,
        "operatingincomeloss": 2837000000,
        "investmentincomeinterest": 202000000,
        "interestexpense": 848000000,
        "othernonoperatingincomeexpense": 346000000,
        "nonoperatingincomeexpense": -300000000,
        "incomelossfromcontinuingoperationsbeforeincometaxesminorityinterestandincomelossfromequitymethodinvestments": 3806000000,
        "incometaxexpensebenefit": 769000000,
        "incomelossfromequitymethodinvestments": -4000000,
        "earningspersharebasic": 6.32,
        "earningspersharediluted": 6.15,
        "weightedaveragenumberofsharesoutstandingbasic": 480000000,
        "weightedaveragenumberofdilutedsharesoutstanding": 493000000
    },
    {
        "date": "2016-12-31",
        "symbol": "AMZN",
        "period": "FY",
        "netincomeloss": 2371000000,
        "othercomprehensiveincomeforeigncurrencytransactionandtranslationgainlossarisingduringperiodnetoftax": -279000000,
        "othercomprehensiveincomeunrealizedholdinggainlossonsecuritiesarisingduringperiodnetoftax": 9000000,
        "othercomprehensiveincomelossreclassificationadjustmentfromaociforsaleofsecuritiesnetoftax": -8000000,
        "othercomprehensiveincomelossavailableforsalesecuritiesadjustmentnetoftax": 17000000,
        "othercomprehensiveincomelossnetoftax": -262000000,
        "comprehensiveincomenetoftax": 2109000000,
        "othercomprehensiveincomelossforeigncurrencytranslationadjustmenttax": -49000000,
        "othercomprehensiveincomeunrealizedholdinggainlossonsecuritiesarisingduringperiodtax": -12000000,
        "salesrevenuegoodsnet": 94665000000,
        "salesrevenueservicesnet": 41322000000,
        "salesrevenuenet": 90349000000,
        "costofgoodsandservicessold": 88265000000,
        "fulfillmentexpense": 17619000000,
        "marketingexpense": 7233000000,
        "technologyandcontentexpense": 16085000000,
        "generalandadministrativeexpense": 2432000000,
        "othercostandexpenseoperating": 167000000,
        "costsandexpenses": 75686000000,
        "operatingincomeloss": 2361000000,
        "investmentincomeinterest": 100000000,
        "interestexpense": 484000000,
        "othernonoperatingincomeexpense": 90000000,
        "nonoperatingincomeexpense": -294000000,
        "incomelossfromcontinuingoperationsbeforeincometaxesminorityinterestandincomelossfromequitymethodinvestments": 3892000000,
        "incometaxexpensebenefit": 1425000000,
        "incomelossfromequitymethodinvestments": -96000000,
        "earningspersharebasic": 5.01,
        "earningspersharediluted": 4.9,
        "weightedaveragenumberofsharesoutstandingbasic": 474000000,
        "weightedaveragenumberofdilutedsharesoutstanding": 484000000
    },
    {
        "date": "2015-12-31",
        "symbol": "AMZN",
        "period": "FY",
        "netincomeloss": 596000000,
        "othercomprehensiveincomeforeigncurrencytransactionandtranslationgainlossarisingduringperiodnetoftax": -210000000,
        "othercomprehensiveincomeunrealizedholdinggainlossonsecuritiesarisingduringperiodnetoftax": -7000000,
        "othercomprehensiveincomelossreclassificationadjustmentfromaociforsaleofsecuritiesnetoftax": -5000000,
        "othercomprehensiveincomelossavailableforsalesecuritiesadjustmentnetoftax": -2000000,
        "othercomprehensiveincomelossnetoftax": -212000000,
        "comprehensiveincomenetoftax": 384000000,
        "othercomprehensiveincomelossforeigncurrencytranslationadjustmenttax": 10000000,
        "othercomprehensiveincomeunrealizedholdinggainlossonsecuritiesarisingduringperiodtax": -5000000,
        "salesrevenuegoodsnet": 79268000000,
        "salesrevenueservicesnet": 27738000000,
        "salesrevenuenet": 70537000000,
        "costofgoodsandservicessold": 71651000000,
        "fulfillmentexpense": 13410000000,
        "marketingexpense": 5254000000,
        "technologyandcontentexpense": 12540000000,
        "generalandadministrativeexpense": 1747000000,
        "othercostandexpenseoperating": 171000000,
        "costsandexpenses": 60957000000,
        "operatingincomeloss": 2751000000,
        "investmentincomeinterest": 50000000,
        "interestexpense": 459000000,
        "othernonoperatingincomeexpense": -256000000,
        "nonoperatingincomeexpense": -665000000,
        "incomelossfromcontinuingoperationsbeforeincometaxesminorityinterestandincomelossfromequitymethodinvestments": 1568000000,
        "incometaxexpensebenefit": 950000000,
        "incomelossfromequitymethodinvestments": -22000000,
        "earningspersharebasic": 1.28,
        "earningspersharediluted": 1.25,
        "weightedaveragenumberofsharesoutstandingbasic": 467000000,
        "weightedaveragenumberofdilutedsharesoutstanding": 477000000,
        "allocatedsharebasedcompensationexpense": 190000000
    },
    {
        "date": "2014-12-31",
        "symbol": "AMZN",
        "period": "FY",
        "netincomeloss": -241000000,
        "othercomprehensiveincomeforeigncurrencytransactionandtranslationgainlossarisingduringperiodnetoftax": -325000000,
        "othercomprehensiveincomeunrealizedholdinggainlossonsecuritiesarisingduringperiodnetoftax": 2000000,
        "othercomprehensiveincomelossreclassificationadjustmentfromaociforsaleofsecuritiesnetoftax": 3000000,
        "othercomprehensiveincomelossavailableforsalesecuritiesadjustmentnetoftax": -1000000,
        "othercomprehensiveincomelossnetoftax": -326000000,
        "comprehensiveincomenetoftax": -567000000,
        "othercomprehensiveincomelossforeigncurrencytranslationadjustmenttax": -3000000,
        "othercomprehensiveincomeunrealizedholdinggainlossonsecuritiesarisingduringperiodtax": 1000000,
        "othercomprehensiveincomelossreclassificationadjustmentfromaociforsaleofsecuritiestax": 1000000,
        "salesrevenuegoodsnet": 70080000000,
        "salesrevenueservicesnet": 18908000000,
        "salesrevenuenet": 5597000000,
        "costofgoodsandservicessold": 62752000000,
        "fulfillmentexpense": 10766000000,
        "marketingexpense": 4332000000,
        "technologyandcontentexpense": 9275000000,
        "generalandadministrativeexpense": 1552000000,
        "othercostandexpenseoperating": 133000000,
        "costsandexpenses": 53364000000,
        "operatingincomeloss": 2105000000,
        "investmentincomeinterest": 39000000,
        "interestexpense": 210000000,
        "othernonoperatingincomeexpense": -118000000,
        "nonoperatingincomeexpense": -289000000,
        "incomelossfromcontinuingoperationsbeforeincometaxesminorityinterestandincomelossfromequitymethodinvestments": -111000000,
        "incometaxexpensebenefit": 167000000,
        "incomelossfromequitymethodinvestments": 37000000,
        "earningspersharebasic": -0.52,
        "earningspersharediluted": -0.52,
        "weightedaveragenumberofsharesoutstandingbasic": 462000000,
        "weightedaveragenumberofdilutedsharesoutstanding": 462000000,
        "allocatedsharebasedcompensationexpense": 125000000
    },
    {
        "date": "2013-12-31",
        "symbol": "AMZN",
        "period": "FY",
        "netincomeloss": 274000000,
        "othercomprehensiveincomeforeigncurrencytransactionandtranslationgainlossarisingduringperiodnetoftax": 63000000,
        "othercomprehensiveincomeunrealizedholdinggainlossonsecuritiesarisingduringperiodnetoftax": -10000000,
        "othercomprehensiveincomelossreclassificationadjustmentfromaociforsaleofsecuritiesnetoftax": -1000000,
        "othercomprehensiveincomelossavailableforsalesecuritiesadjustmentnetoftax": -9000000,
        "othercomprehensiveincomelossnetoftax": 54000000,
        "comprehensiveincomenetoftax": 328000000,
        "othercomprehensiveincomelossforeigncurrencytranslationadjustmenttax": -20000000,
        "othercomprehensiveincomeunrealizedholdinggainlossonsecuritiesarisingduringperiodtax": 3000000,
        "othercomprehensiveincomelossreclassificationadjustmentfromaociforsaleofsecuritiestax": 1000000,
        "salesrevenuegoodsnet": 60903000000,
        "salesrevenueservicesnet": 13549000000,
        "salesrevenuenet": 7639000000,
        "costofgoodsandservicessold": 54181000000,
        "fulfillmentexpense": 8585000000,
        "marketingexpense": 3133000000,
        "technologyandcontentexpense": 6565000000,
        "generalandadministrativeexpense": 1129000000,
        "othercostandexpenseoperating": 114000000,
        "costsandexpenses": 29828000000,
        "operatingincomeloss": 1993000000,
        "investmentincomeinterest": 38000000,
        "interestexpense": 141000000,
        "othernonoperatingincomeexpense": -136000000,
        "nonoperatingincomeexpense": -239000000,
        "incomelossfromcontinuingoperationsbeforeincometaxesminorityinterestandincomelossfromequitymethodinvestments": 506000000,
        "incometaxexpensebenefit": 161000000,
        "incomelossfromequitymethodinvestments": -71000000,
        "earningspersharebasic": 0.6,
        "earningspersharediluted": 0.59,
        "weightedaveragenumberofsharesoutstandingbasic": 457000000,
        "weightedaveragenumberofdilutedsharesoutstanding": 465000000,
        "allocatedsharebasedcompensationexpense": 294000000
    },
    {
        "date": "2012-12-31",
        "symbol": "AMZN",
        "period": "FY",
        "salesrevenuegoodsnet": 51733000000,
        "salesrevenueservicesnet": 9360000000,
        "salesrevenuenet": 26280000000,
        "costofgoodsandservicessold": 45971000000,
        "fulfillmentexpense": 6419000000,
        "marketingexpense": 2408000000,
        "technologyandcontentexpense": 4564000000,
        "generalandadministrativeexpense": 896000000,
        "othercostandexpenseoperating": 159000000,
        "costsandexpenses": 60417000000,
        "operatingincomeloss": 76000000,
        "investmentincomeinterest": 40000000,
        "interestexpense": 92000000,
        "othernonoperatingincomeexpense": -80000000,
        "nonoperatingincomeexpense": -132000000,
        "incomelossfromcontinuingoperationsbeforeincometaxesminorityinterestandincomelossfromequitymethodinvestments": 544000000,
        "incometaxexpensebenefit": 428000000,
        "incomelossfromequitymethodinvestments": -155000000,
        "netincomeloss": -39000000,
        "earningspersharebasic": -0.09,
        "earningspersharediluted": -0.09,
        "weightedaveragenumberofsharesoutstandingbasic": 453000000,
        "weightedaveragenumberofdilutedsharesoutstanding": 453000000,
        "allocatedsharebasedcompensationexpense": 434000000,
        "othercomprehensiveincomeforeigncurrencytransactionandtranslationgainlossarisingduringperiodnetoftax": 76000000,
        "othercomprehensiveincomeunrealizedholdinggainlossonsecuritiesarisingduringperiodnetoftax": 8000000,
        "othercomprehensiveincomelossreclassificationadjustmentforsaleofsecuritiesincludedinnetincomenetoftax": -7000000,
        "othercomprehensiveincomelossavailableforsalesecuritiesadjustmentnetoftax": 1000000,
        "othercomprehensiveincomelossnetoftax": 77000000,
        "comprehensiveincomenetoftax": 38000000,
        "othercomprehensiveincomelossforeigncurrencytranslationadjustmenttax": -30000000,
        "othercomprehensiveincomeunrealizedholdinggainlossonsecuritiesarisingduringperiodtax": -3000000,
        "othercomprehensiveincomelossreclassificationadjustmentforsaleofsecuritiesincludedinnetincometax": 3000000
    },
    {
        "date": "2011-12-31",
        "symbol": "AMZN",
        "period": "FY",
        "salesrevenuegoodsnet": 42000000000,
        "salesrevenueservicesnet": 6077000000,
        "salesrevenuenet": 1586000000,
        "costofgoodsandservicessold": 37288000000,
        "fulfillmentexpense": 4576000000,
        "marketingexpense": 1630000000,
        "technologyandcontentexpense": 2909000000,
        "generalandadministrativeexpense": 658000000,
        "othercostandexpenseoperating": 154000000,
        "costsandexpenses": 47215000000,
        "operatingincomeloss": 640000000,
        "investmentincomeinterest": 61000000,
        "interestexpense": 65000000,
        "othernonoperatingincomeexpense": 76000000,
        "nonoperatingincomeexpense": 72000000,
        "incomelossfromcontinuingoperationsbeforeincometaxesminorityinterestandincomelossfromequitymethodinvestments": 934000000,
        "incometaxexpensebenefit": 291000000,
        "incomelossfromequitymethodinvestments": -12000000,
        "netincomeloss": 631000000,
        "earningspersharebasic": 1.39,
        "earningspersharediluted": 1.37,
        "weightedaveragenumberofsharesoutstandingbasic": 453000000,
        "weightedaveragenumberofdilutedsharesoutstanding": 461000000,
        "allocatedsharebasedcompensationexpense": 292000000
    },
    {
        "date": "2010-12-31",
        "symbol": "AMZN",
        "period": "FY",
        "salesrevenuenet": 15497000000,
        "costofgoodsandservicessold": 26561000000,
        "fulfillmentexpense": 2898000000,
        "marketingexpense": 1029000000,
        "technologyandcontentexpense": 1734000000,
        "generalandadministrativeexpense": 470000000,
        "otheroperatingincomeexpense": -106000000,
        "costsandexpenses": 32798000000,
        "operatingincomeloss": 1406000000,
        "investmentincomeinterest": 51000000,
        "interestexpense": 39000000,
        "othernonoperatingincomeexpense": 79000000,
        "nonoperatingincomeexpense": 91000000,
        "incomelossfromcontinuingoperationsbeforeincometaxesminorityinterestandincomelossfromequitymethodinvestments": 1497000000,
        "incometaxexpensebenefit": 352000000,
        "incomelossfromequitymethodinvestments": 7000000,
        "netincomeloss": 1152000000,
        "earningspersharebasic": 2.58,
        "earningspersharediluted": 2.53,
        "weightedaveragenumberofsharesoutstandingbasic": 447000000,
        "weightedaveragenumberofdilutedsharesoutstanding": 456000000,
        "stockbasedcompensationexpenseassociatedwithfulfillmentexpense": 90000000,
        "stockbasedcompensationexpenseassociatedwithsalesandmarketingexpense": 27000000,
        "sharebasedcompensationtechnologyandcontentexpense": 223000000,
        "stockbasedcompensationexpenseassociatedwithgeneralandadministrativeexpense": 84000000
    },
    {
        "date": "2009-12-31",
        "symbol": "AMZN",
        "period": "FY",
        "salesrevenuenet": 24509000000,
        "costofgoodsandservicessold": 18978000000,
        "grossprofit": 5531000000,
        "fulfillmentexpense": 2052000000,
        "marketingexpense": 680000000,
        "technologyandcontentexpense": 1240000000,
        "generalandadministrativeexpense": 328000000,
        "othercostandexpenseoperating": 102000000,
        "operatingexpenses": 4402000000,
        "operatingincomeloss": 1129000000,
        "investmentincomeinterest": 37000000,
        "interestexpense": 34000000,
        "othernonoperatingincomeexpense": 29000000,
        "nonoperatingincomeexpense": 32000000,
        "incomelossfromcontinuingoperationsbeforeincometaxesminorityinterestandincomelossfromequitymethodinvestments": 1161000000,
        "incometaxexpensebenefit": 253000000,
        "incomelossfromequitymethodinvestments": -6000000,
        "netincomeloss": 902000000,
        "earningspersharebasic": 2.08,
        "earningspersharediluted": 2.04,
        "weightedaveragenumberofsharesoutstandingbasic": 433000000,
        "weightedaveragenumberofdilutedsharesoutstanding": 442000000,
        "stockbasedcompensationexpenseassociatedwithfulfillmentexpense": 79000000,
        "stockbasedcompensationexpenseassociatedwithsalesandmarketingexpense": 20000000,
        "sharebasedcompensationtechnologyandcontentexpense": 182000000,
        "stockbasedcompensationexpenseassociatedwithgeneralandadministrativeexpense": 60000000,
        "sharesoutstanding": 444000000,
        "stockholdersequity": -600000000,
        "othercomprehensiveincomeforeigncurrencytransactionandtranslationgainlossarisingduringperiodnetoftax": 62000000,
        "othercomprehensiveincomeunrealizedholdinggainlossonsecuritiesarisingduringperiodnetoftax": 4000000,
        "othercomprehensiveincomeunrealizedgainlossonderivativesarisingduringperiodnetoftax": 1000000,
        "comprehensiveincomenetoftax": 969000000,
        "stockissuedduringperiodsharesstockoptionsexercised": 7000000,
        "stockissuedduringperiodvaluestockoptionsexercised": 19000000,
        "stockissuedduringperiodsharesacquisitions": 9000000,
        "stockissuedduringperiodvalueacquisitions": 1000000,
        "adjustmentstoadditionalpaidincapitaltaxeffectfromsharebasedcompensation": 103000000,
        "stockissuedduringperiodvaluesharebasedcompensation": 349000000
    }
]