[
    {
        "date": "2022-12-30",
        "symbol": "BA",
        "period": "FY",
        "revenues": 55893000000,
        "costofgoodsandservicessold": 53969000000,
        "financinginterestexpense": 28000000,
        "costofrevenue": 63106000000,
        "grossprofit": 3502000000,
        "incomelossfrominvestments": -16000000,
        "generalandadministrativeexpense": 4187000000,
        "researchanddevelopmentexpense": 2852000000,
        "gainlossondispositionofassets": 6000000,
        "operatingincomeloss": -3547000000,
        "othernonoperatingincomeexpense": 1058000000,
        "interestanddebtexpense": 2533000000,
        "incomelossfromcontinuingoperationsbeforeincometaxesextraordinaryitemsnoncontrollinginterest": -5022000000,
        "incometaxexpensebenefit": 31000000,
        "profitloss": -5053000000,
        "netincomelossattributabletononcontrollinginterest": -118000000,
        "netincomeloss": -4935000000,
        "earningspersharebasic": -8.3,
        "earningspersharediluted": -8.3,
        "othercomprehensiveincomelossforeigncurrencytransactionandtranslationadjustmentnetoftax": -62000000,
        "othercomprehensiveincomelossavailableforsalesecuritiesadjustmentnetoftax": -1000000,
        "othercomprehensiveincomelosscashflowhedgegainlossbeforereclassificationaftertax": -40000000,
        "othercomprehensiveincomelosscashflowhedgegainlossreclassificationaftertax": -10000000,
        "othercomprehensiveincomelosscashflowhedgegainlossafterreclassificationandtax": -30000000,
        "othercomprehensiveincomedefinedbenefitplansnetunamortizedgainlossarisingduringperiodnetoftax": 1533000000,
        "othercomprehensiveincomelossreclassificationadjustmentfromaocipensionandotherpostretirementbenefitplansfornetgainlossnetoftax": -791000000,
        "othercomprehensiveincomesettlementsandcurtailmentsincludedinnetincomenetoftax": -4000000,
        "othercomprehensiveincomelossamortizationadjustmentfromaocipensionandotherpostretirementbenefitplansfornetpriorservicecostcreditnetoftax": -114000000,
        "othercomprehensiveincomedefinedbenefitplannetpriorservicecostscreditarisingduringperiodnetoftax": 1000000,
        "pensionandpostretirementbenefitsrelatedtoequitymethodinvestmentsnetoftax": 3000000,
        "othercomprehensiveincomelosspensionandotherpostretirementbenefitplansadjustmentnetoftax": -2202000000,
        "othercomprehensiveincomelossnetoftaxportionattributabletoparent": 2109000000,
        "comprehensiveincomenetoftaxincludingportionattributabletononcontrollinginterest": -2944000000,
        "comprehensiveincomenetoftaxattributabletononcontrollinginterest": -118000000,
        "comprehensiveincomenetoftax": -2826000000,
        "othercomprehensiveincomelosscashflowhedgegainlossbeforereclassificationtax": -12000000,
        "othercomprehensiveincomelosscashflowhedgegainlossreclassificationtax": -3000000,
        "othercomprehensiveincomedefinedbenefitplansnetunamortizedgainlossarisingduringperiodtax": 22000000,
        "othercomprehensiveincomelossreclassificationadjustmentfromaocipensionandotherpostretirementbenefitplansfornetgainlosstax": -11000000,
        "othercomprehensiveincomelossamortizationadjustmentfromaocipensionandotherpostretirementbenefitplansfornetpriorservicecostcredittax": -2000000
    },
    {
        "date": "2021-12-30",
        "symbol": "BA",
        "period": "FY",
        "revenues": 51386000000,
        "costofgoodsandservicessold": 49954000000,
        "financinginterestexpense": 32000000,
        "costofrevenue": 59269000000,
        "grossprofit": 3017000000,
        "incomelossfrominvestments": 210000000,
        "generalandadministrativeexpense": 4157000000,
        "researchanddevelopmentexpense": 2249000000,
        "gainlossondispositionofassets": 277000000,
        "operatingincomeloss": -2902000000,
        "othernonoperatingincomeexpense": 551000000,
        "interestanddebtexpense": 2682000000,
        "incomelossfromcontinuingoperationsbeforeincometaxesextraordinaryitemsnoncontrollinginterest": -5033000000,
        "incometaxexpensebenefit": -743000000,
        "profitloss": -4290000000,
        "netincomelossattributabletononcontrollinginterest": -88000000,
        "netincomeloss": -4202000000,
        "earningspersharebasic": -7.15,
        "earningspersharediluted": -7.15,
        "othercomprehensiveincomelossforeigncurrencytransactionandtranslationadjustmentnetoftax": -75000000,
        "othercomprehensiveincomelosscashflowhedgegainlossbeforereclassificationaftertax": 55000000,
        "othercomprehensiveincomelosscashflowhedgegainlossbeforereclassificationtax": 16000000,
        "othercomprehensiveincomelosscashflowhedgegainlossreclassificationaftertax": 6000000,
        "othercomprehensiveincomelosscashflowhedgegainlossreclassificationtax": 2000000,
        "othercomprehensiveincomelosscashflowhedgegainlossafterreclassificationandtax": 49000000,
        "othercomprehensiveincomedefinedbenefitplansnetunamortizedgainlossarisingduringperiodnetoftax": 4262000000,
        "othercomprehensiveincomedefinedbenefitplansnetunamortizedgainlossarisingduringperiodtax": 32000000,
        "othercomprehensiveincomelossreclassificationadjustmentfromaocipensionandotherpostretirementbenefitplansfornetgainlossnetoftax": -1155000000,
        "othercomprehensiveincomelossreclassificationadjustmentfromaocipensionandotherpostretirementbenefitplansfornetgainlosstax": -8000000,
        "othercomprehensiveincomesettlementsandcurtailmentsincludedinnetincomenetoftax": 191000000,
        "othercomprehensiveincomesettlementsandcurtailmentsincludedinnetincometax": -2000000,
        "othercomprehensiveincomelossamortizationadjustmentfromaocipensionandotherpostretirementbenefitplansfornetpriorservicecostcreditnetoftax": -114000000,
        "othercomprehensiveincomelossamortizationadjustmentfromaocipensionandotherpostretirementbenefitplansfornetpriorservicecostcredittax": -1000000,
        "pensionandpostretirementbenefitsrelatedtoequitymethodinvestmentsnetoftax": -6000000,
        "pensionandpostretirementbenefitsrelatedtoourequitymethodinvestmentstax": -2000000,
        "othercomprehensiveincomelosspensionandotherpostretirementbenefitplansadjustmentnetoftax": -5500000000,
        "othercomprehensiveincomelossnetoftaxportionattributabletoparent": 5474000000,
        "comprehensiveincomenetoftaxattributabletononcontrollinginterest": -88000000,
        "comprehensiveincomenetoftaxincludingportionattributabletononcontrollinginterest": 1184000000,
        "comprehensiveincomenetoftax": 1272000000
    },
    {
        "date": "2020-12-30",
        "symbol": "BA",
        "period": "FY",
        "revenues": 47142000000,
        "costofgoodsandservicessold": 54568000000,
        "financinginterestexpense": 43000000,
        "costofrevenue": 63843000000,
        "grossprofit": -5685000000,
        "incomelossfrominvestments": 9000000,
        "generalandadministrativeexpense": 4817000000,
        "researchanddevelopmentexpense": 2476000000,
        "gainlossondispositionofassets": 202000000,
        "operatingincomeloss": -12767000000,
        "othernonoperatingincomeexpense": 447000000,
        "interestanddebtexpense": 2156000000,
        "incomelossfromcontinuingoperationsbeforeincometaxesextraordinaryitemsnoncontrollinginterest": -14476000000,
        "incometaxexpensebenefit": -2535000000,
        "earningspersharebasic": -20.88,
        "earningspersharediluted": -20.88,
        "profitloss": -11941000000,
        "netincomelossattributabletononcontrollinginterest": -68000000,
        "netincomeloss": -11873000000,
        "othercomprehensiveincomelossforeigncurrencytransactionandtranslationadjustmentnetoftax": 98000000,
        "othercomprehensiveincomeunrealizedgainlossonderivativesarisingduringperiodnetoftax": 14000000,
        "othercomprehensiveincomelossreclassificationadjustmentfromaocionderivativesnetoftax": -27000000,
        "othercomprehensiveincomelossderivativesqualifyingashedgesnetoftax": 41000000,
        "othercomprehensiveincomedefinedbenefitplansnetunamortizedgainlossarisingduringperiodnetoftax": -1956000000,
        "othercomprehensiveincomelossreclassificationadjustmentfromaocipensionandotherpostretirementbenefitplansfornetgainlossnetoftax": -917000000,
        "othercomprehensiveincomesettlementsandcurtailmentsincludedinnetincomenetoftax": -5000000,
        "othercomprehensiveincomelossamortizationadjustmentfromaocipensionandotherpostretirementbenefitplansfornetpriorservicecostcreditnetoftax": -112000000,
        "othercomprehensiveincomedefinedbenefitplannetpriorservicecostscreditarisingduringperiodnetoftax": -27000000,
        "othercomprehensiveincomelosspensionandotherpostretirementbenefitplansadjustmentnetoftax": 1119000000,
        "othercomprehensiveincomelossnetoftaxportionattributabletoparent": -980000000,
        "comprehensiveincomenetoftaxattributabletononcontrollinginterest": -68000000,
        "comprehensiveincomenetoftaxincludingportionattributabletononcontrollinginterest": -12921000000,
        "comprehensiveincomenetoftax": -12853000000,
        "othercomprehensiveincomeunrealizedgainlossonderivativesarisingduringperiodtax": 4000000,
        "othercomprehensiveincomelossreclassificationadjustmentfromaocionderivativestax": -7000000,
        "othercomprehensiveincomedefinedbenefitplansnetunamortizedgainlossarisingduringperiodtax": -111000000,
        "othercomprehensiveincomelossreclassificationadjustmentfromaocipensionandotherpostretirementbenefitplansfornetgainlosstax": -52000000,
        "othercomprehensiveincomelossamortizationadjustmentfromaocipensionandotherpostretirementbenefitplansfornetpriorservicecostcredittax": -6000000,
        "othercomprehensiveincomelosspensionandotherpostretirementbenefitplansbenefitplanimprovementtaxeffect": -2000000
    },
    {
        "date": "2019-12-30",
        "symbol": "BA",
        "period": "FY",
        "retainedearningsaccumulateddeficit": 50644000000,
        "netincomeloss": -636000000,
        "othercomprehensiveincomelossforeigncurrencytransactionandtranslationadjustmentnetoftax": -27000000,
        "othercomprehensiveincomelossavailableforsalesecuritiesadjustmentnetoftax": 1000000,
        "othercomprehensiveincomeunrealizedgainlossonderivativesarisingduringperiodnetoftax": -48000000,
        "othercomprehensiveincomelossreclassificationadjustmentfromaocionderivativesnetoftax": -26000000,
        "othercomprehensiveincomelossderivativesqualifyingashedgesnetoftax": -22000000,
        "othercomprehensiveincomedefinedbenefitplansnetunamortizedgainlossarisingduringperiodnetoftax": -1413000000,
        "othercomprehensiveincomelossreclassificationadjustmentfromaocipensionandotherpostretirementbenefitplansfornetgainlossnetoftax": -464000000,
        "pensionandpostretirementbenefitsrelatedtoequitymethodinvestmentsnetoftax": -17000000,
        "othercomprehensiveincomelossamortizationadjustmentfromaocipensionandotherpostretirementbenefitplansfornetpriorservicecostcreditnetoftax": -89000000,
        "othercomprehensiveincomedefinedbenefitplannetpriorservicecostscreditarisingduringperiodnetoftax": 1000000,
        "othercomprehensiveincomelosspensionandotherpostretirementbenefitplansadjustmentnetoftax": 1022000000,
        "othercomprehensiveincomelossnetoftaxportionattributabletoparent": -1070000000,
        "comprehensiveincomenetoftaxattributabletononcontrollinginterest": -41000000,
        "comprehensiveincomenetoftaxincludingportionattributabletononcontrollinginterest": -1747000000,
        "othercomprehensiveincomeunrealizedholdinggainlossonsecuritiesarisingduringperiodtax": "null",
        "othercomprehensiveincomeunrealizedgainlossonderivativesarisingduringperiodtax": -13000000,
        "othercomprehensiveincomelossreclassificationadjustmentfromaocionderivativestax": -7000000,
        "othercomprehensiveincomedefinedbenefitplansnetunamortizedgainlossarisingduringperiodtax": -405000000,
        "othercomprehensiveincomelossreclassificationadjustmentfromaocipensionandotherpostretirementbenefitplansfornetgainlosstax": -133000000,
        "pensionandpostretirementbenefitsrelatedtoourequitymethodinvestmentstax": -5000000,
        "othercomprehensiveincomelossamortizationadjustmentfromaocipensionandotherpostretirementbenefitplansfornetpriorservicecostcredittax": -25000000,
        "othercomprehensiveincomelosspensionandotherpostretirementbenefitplansbenefitplanimprovementtaxeffect": "null",
        "revenues": 66094000000,
        "costofgoodsandservicessold": 62877000000,
        "financinginterestexpense": 62000000,
        "costofrevenue": 72093000000,
        "grossprofit": 4466000000,
        "incomelossfrominvestments": -4000000,
        "generalandadministrativeexpense": 3909000000,
        "researchanddevelopmentexpense": 3219000000,
        "gainlossondispositionofassets": 691000000,
        "operatingincomeloss": -1975000000,
        "othernonoperatingincomeexpense": 438000000,
        "interestanddebtexpense": 722000000,
        "incomelossfromcontinuingoperationsbeforeincometaxesextraordinaryitemsnoncontrollinginterest": -2259000000,
        "incometaxexpensebenefit": -1623000000,
        "earningspersharebasic": -1.12,
        "earningspersharediluted": -1.12
    },
    {
        "date": "2018-12-30",
        "symbol": "BA",
        "period": "FY",
        "netincomeloss": 10460000000,
        "othercomprehensiveincomelossforeigncurrencytransactionandtranslationadjustmentnetoftax": -86000000,
        "othercomprehensiveincomelossavailableforsalesecuritiesadjustmentnetoftax": 2000000,
        "othercomprehensiveincomeunrealizedgainlossonderivativesarisingduringperiodnetoftax": -146000000,
        "othercomprehensiveincomelossreclassificationadjustmentfromaocionderivativesnetoftax": -30000000,
        "othercomprehensiveincomelossderivativesqualifyingashedgesnetoftax": -116000000,
        "othercomprehensiveincomedefinedbenefitplansnetunamortizedgainlossarisingduringperiodnetoftax": 384000000,
        "othercomprehensiveincomelossreclassificationadjustmentfromaocipensionandotherpostretirementbenefitplansfornetgainlossnetoftax": -878000000,
        "othercomprehensiveincomesettlementsandcurtailmentsincludedinnetincomenetoftax": 8000000,
        "pensionandpostretirementbenefitsrelatedtoequitymethodinvestmentsnetoftax": -22000000,
        "othercomprehensiveincomelossamortizationadjustmentfromaocipensionandotherpostretirementbenefitplansfornetpriorservicecostcreditnetoftax": -143000000,
        "othercomprehensiveincomedefinedbenefitplannetpriorservicecostscreditarisingduringperiodnetoftax": -341000000,
        "othercomprehensiveincomelosspensionandotherpostretirementbenefitplansadjustmentnetoftax": -1490000000,
        "othercomprehensiveincomelossnetoftaxportionattributabletoparent": 1290000000,
        "comprehensiveincomenetoftaxattributabletononcontrollinginterest": -21000000,
        "comprehensiveincomenetoftaxincludingportionattributabletononcontrollinginterest": 11729000000,
        "othercomprehensiveincomeunrealizedholdinggainlossonsecuritiesarisingduringperiodtax": 1000000,
        "othercomprehensiveincomeunrealizedgainlossonderivativesarisingduringperiodtax": -40000000,
        "othercomprehensiveincomelossreclassificationadjustmentfromaocionderivativestax": -8000000,
        "othercomprehensiveincomedefinedbenefitplansnetunamortizedgainlossarisingduringperiodtax": 105000000,
        "othercomprehensiveincomelossreclassificationadjustmentfromaocipensionandotherpostretirementbenefitplansfornetgainlosstax": -242000000,
        "othercomprehensiveincomesettlementsandcurtailmentsincludedinnetincometax": -2000000,
        "pensionandpostretirementbenefitsrelatedtoourequitymethodinvestmentstax": -6000000,
        "othercomprehensiveincomelossamortizationadjustmentfromaocipensionandotherpostretirementbenefitplansfornetpriorservicecostcredittax": -39000000,
        "othercomprehensiveincomelosspensionandotherpostretirementbenefitplansbenefitplanimprovementtaxeffect": -94000000,
        "revenues": 90229000000,
        "costofgoodsandservicessold": 72922000000,
        "financinginterestexpense": 69000000,
        "costofrevenue": 81490000000,
        "grossprofit": 19637000000,
        "incomelossfrominvestments": 111000000,
        "generalandadministrativeexpense": 4567000000,
        "researchanddevelopmentexpense": 3269000000,
        "gainlossondispositionofassets": 75000000,
        "operatingincomeloss": 11987000000,
        "othernonoperatingincomeexpense": 92000000,
        "interestanddebtexpense": 475000000,
        "incomelossfromcontinuingoperationsbeforeincometaxesextraordinaryitemsnoncontrollinginterest": 11604000000,
        "incometaxexpensebenefit": 1144000000,
        "earningspersharebasic": 18.05,
        "earningspersharediluted": 17.85
    },
    {
        "date": "2017-12-30",
        "symbol": "BA",
        "period": "FY",
        "netincomeloss": 8458000000,
        "othercomprehensiveincomelossforeigncurrencytransactionandtranslationadjustmentnetoftax": 128000000,
        "othercomprehensiveincomelossavailableforsalesecuritiesadjustmentnetoftax": 1000000,
        "othercomprehensiveincomeunrealizedgainlossonderivativesarisingduringperiodnetoftax": 123000000,
        "othercomprehensiveincomelossreclassificationadjustmentfromaocionderivativesnetoftax": -50000000,
        "othercomprehensiveincomelossderivativesqualifyingashedgesnetoftax": 171000000,
        "othercomprehensiveincomedefinedbenefitplansnetunamortizedgainlossarisingduringperiodnetoftax": -495000000,
        "othercomprehensiveincomelossreclassificationadjustmentfromaocipensionandotherpostretirementbenefitplansfornetgainlossnetoftax": -542000000,
        "pensionandpostretirementbenefitsrelatedtoequitymethodinvestmentsnetoftax": 11000000,
        "othercomprehensiveincomelossamortizationadjustmentfromaocipensionandotherpostretirementbenefitplansfornetpriorservicecostcreditnetoftax": -117000000,
        "othercomprehensiveincomedefinedbenefitplannetpriorservicecostscreditarisingduringperiodnetoftax": -28000000,
        "othercomprehensiveincomelosspensionandotherpostretirementbenefitplansadjustmentnetoftax": 53000000,
        "othercomprehensiveincomelossnetoftaxportionattributabletoparent": 247000000,
        "comprehensiveincomenetoftaxattributabletononcontrollinginterest": -2000000,
        "comprehensiveincomenetoftaxincludingportionattributabletononcontrollinginterest": 8442000000,
        "othercomprehensiveincomeunrealizedholdinggainlossonsecuritiesarisingduringperiodtax": -1000000,
        "othercomprehensiveincomeunrealizedgainlossonderivativesarisingduringperiodtax": 66000000,
        "othercomprehensiveincomelossreclassificationadjustmentfromaocionderivativestax": -28000000,
        "othercomprehensiveincomedefinedbenefitplansnetunamortizedgainlossarisingduringperiodtax": -248000000,
        "othercomprehensiveincomelossreclassificationadjustmentfromaocipensionandotherpostretirementbenefitplansfornetgainlosstax": -272000000,
        "pensionandpostretirementbenefitsrelatedtoourequitymethodinvestmentstax": 5000000,
        "othercomprehensiveincomelossamortizationadjustmentfromaocipensionandotherpostretirementbenefitplansfornetpriorservicecostcredittax": -59000000,
        "othercomprehensiveincomelosspensionandotherpostretirementbenefitplansbenefitplanimprovementtaxeffect": -14000000,
        "salesrevenuegoodsnet": 83204000000,
        "salesrevenueservicesnet": 10188000000,
        "revenues": 94005000000,
        "costofgoodssold": 68365000000,
        "costofservices": 7631000000,
        "financialservicescosts": 70000000,
        "costofrevenue": 76066000000,
        "grossprofit": 17326000000,
        "incomelossfrominvestments": 204000000,
        "incomelossfromequitymethodinvestments": 233000000,
        "generalandadministrativeexpense": 4094000000,
        "researchanddevelopmentexpense": 288000000,
        "gainlossondispositionofassets": 21000000,
        "operatingincomeloss": 10344000000,
        "othernonoperatingincomeexpense": 123000000,
        "interestanddebtexpense": 360000000,
        "incomelossfromcontinuingoperationsbeforeincometaxesextraordinaryitemsnoncontrollinginterest": 10107000000,
        "incometaxexpensebenefit": 1649000000,
        "earningspersharebasic": 13.6,
        "earningspersharediluted": 13.43
    },
    {
        "date": "2016-12-30",
        "symbol": "BA",
        "period": "FY",
        "netincomeloss": 105000000,
        "othercomprehensiveincomelossforeigncurrencytransactionandtranslationadjustmentnetoftax": -104000000,
        "othercomprehensiveincomelossavailableforsalesecuritiesadjustmentnetoftax": -2000000,
        "othercomprehensiveincomeunrealizedgainlossonderivativesarisingduringperiodnetoftax": -9000000,
        "othercomprehensiveincomelossreclassificationadjustmentfromaocionderivativesnetoftax": -70000000,
        "othercomprehensiveincomelossderivativesqualifyingashedgesnetoftax": 70000000,
        "othercomprehensiveincomedefinedbenefitplansnetunamortizedgainlossarisingduringperiodnetoftax": -1365000000,
        "othercomprehensiveincomelossreclassificationadjustmentfromaocipensionandotherpostretirementbenefitplansfornetgainlossnetoftax": -524000000,
        "othercomprehensiveincomesettlementsandcurtailmentsincludedinnetincomenetoftax": -14000000,
        "pensionandpostretirementbenefitsrelatedtoequitymethodinvestmentsnetoftax": -12000000,
        "othercomprehensiveincomelossamortizationadjustmentfromaocipensionandotherpostretirementbenefitplansfornetpriorservicecostcreditnetoftax": -57000000,
        "othercomprehensiveincomedefinedbenefitplannetpriorservicecostscreditarisingduringperiodnetoftax": -33000000,
        "othercomprehensiveincomelosspensionandotherpostretirementbenefitplansadjustmentnetoftax": 839000000,
        "othercomprehensiveincomelossnetoftaxportionattributabletoparent": -875000000,
        "comprehensiveincomenetoftaxattributabletononcontrollinginterest": -1000000,
        "comprehensiveincomenetoftaxincludingportionattributabletononcontrollinginterest": 4019000000,
        "othercomprehensiveincomeunrealizedholdinggainlossonsecuritiesarisingduringperiodtax": 1000000,
        "othercomprehensiveincomeunrealizedgainlossonderivativesarisingduringperiodtax": -4000000,
        "othercomprehensiveincomelossreclassificationadjustmentfromaocionderivativestax": -43000000,
        "othercomprehensiveincomedefinedbenefitplansnetunamortizedgainlossarisingduringperiodtax": -752000000,
        "othercomprehensiveincomelossreclassificationadjustmentfromaocipensionandotherpostretirementbenefitplansfornetgainlosstax": -288000000,
        "othercomprehensiveincomesettlementsandcurtailmentsincludedinnetincometax": -7000000,
        "pensionandpostretirementbenefitsrelatedtoourequitymethodinvestmentstax": -7000000,
        "othercomprehensiveincomelossamortizationadjustmentfromaocipensionandotherpostretirementbenefitplansfornetpriorservicecostcredittax": -31000000,
        "othercomprehensiveincomelosspensionandotherpostretirementbenefitplansbenefitplanimprovementtaxeffect": -18000000,
        "salesrevenuegoodsnet": 84399000000,
        "salesrevenueservicesnet": 10172000000,
        "revenues": 55806000000,
        "costofgoodssold": 72713000000,
        "costofservices": 8018000000,
        "financialservicescosts": 59000000,
        "costofrevenue": 80790000000,
        "grossprofit": 13781000000,
        "incomelossfromequitymethodinvestments": 46000000,
        "generalandadministrativeexpense": 3616000000,
        "researchanddevelopmentexpense": 311000000,
        "gainlossondispositionofassets": -7000000,
        "operatingincomeloss": 3130000000,
        "othernonoperatingincomeexpense": 40000000,
        "interestanddebtexpense": 306000000,
        "incomelossfromcontinuingoperationsbeforeincometaxesextraordinaryitemsnoncontrollinginterest": 5568000000,
        "incometaxexpensebenefit": 673000000,
        "earningspersharebasic": 7.7,
        "earningspersharediluted": 0.16
    },
    {
        "date": "2015-12-30",
        "symbol": "BA",
        "period": "FY",
        "netincomeloss": 5176000000,
        "othercomprehensiveincomelossforeigncurrencytransactionandtranslationadjustmentnetoftax": -92000000,
        "othercomprehensiveincomelossavailableforsalesecuritiesadjustmentnetoftax": 8000000,
        "othercomprehensiveincomeunrealizedgainlossonderivativesarisingduringperiodnetoftax": -136000000,
        "othercomprehensiveincomelossreclassificationadjustmentfromaocionderivativesnetoftax": -67000000,
        "othercomprehensiveincomelossderivativesqualifyingashedgesnetoftax": -61000000,
        "othercomprehensiveincomedefinedbenefitplansnetunamortizedgainlossarisingduringperiodnetoftax": -732000000,
        "othercomprehensiveincomelossreclassificationadjustmentfromaocipensionandotherpostretirementbenefitplansfornetgainlossnetoftax": -1038000000,
        "othercomprehensiveincomesettlementsandcurtailmentsincludedinnetincomenetoftax": -51000000,
        "pensionandpostretirementbenefitsrelatedtoequitymethodinvestmentsnetoftax": -3000000,
        "othercomprehensiveincomelossamortizationadjustmentfromaocipensionandotherpostretirementbenefitplansfornetpriorservicecostcreditnetoftax": 38000000,
        "othercomprehensiveincomedefinedbenefitplannetpriorservicecostscreditarisingduringperiodnetoftax": -902000000,
        "othercomprehensiveincomelosspensionandotherpostretirementbenefitplansadjustmentnetoftax": -1300000000,
        "othercomprehensiveincomelossnetoftaxportionattributabletoparent": 1155000000,
        "comprehensiveincomenetoftaxattributabletononcontrollinginterest": -3000000,
        "comprehensiveincomenetoftaxincludingportionattributabletononcontrollinginterest": 6328000000,
        "othercomprehensiveincomeunrealizedholdinggainlossonsecuritiesarisingduringperiodtax": -5000000,
        "othercomprehensiveincomeunrealizedgainlossonderivativesarisingduringperiodtax": -77000000,
        "othercomprehensiveincomelossreclassificationadjustmentfromaocionderivativestax": -43000000,
        "othercomprehensiveincomedefinedbenefitplansnetunamortizedgainlossarisingduringperiodtax": -402000000,
        "othercomprehensiveincomelossreclassificationadjustmentfromaocipensionandotherpostretirementbenefitplansfornetgainlosstax": -570000000,
        "othercomprehensiveincomesettlementsandcurtailmentsincludedinnetincometax": -27000000,
        "pensionandpostretirementbenefitsrelatedtoourequitymethodinvestmentstax": -2000000,
        "othercomprehensiveincomelossamortizationadjustmentfromaocipensionandotherpostretirementbenefitplansfornetpriorservicecostcredittax": 22000000,
        "othercomprehensiveincomelosspensionandotherpostretirementbenefitplansbenefitplanimprovementtaxeffect": -496000000,
        "salesrevenuegoodsnet": 85255000000,
        "salesrevenueservicesnet": 10859000000,
        "revenues": 56827000000,
        "costofgoodssold": 73446000000,
        "costofservices": 8578000000,
        "financialservicescosts": 64000000,
        "costofrevenue": 82088000000,
        "grossprofit": 14026000000,
        "incomelossfromequitymethodinvestments": 64000000,
        "generalandadministrativeexpense": 3525000000,
        "researchanddevelopmentexpense": 286000000,
        "gainlossondispositionofassets": -1000000,
        "operatingincomeloss": 5157000000,
        "othernonoperatingincomeexpense": -13000000,
        "interestanddebtexpense": 275000000,
        "incomelossfromcontinuingoperationsbeforeincometaxesextraordinaryitemsnoncontrollinginterest": 7155000000,
        "incometaxexpensebenefit": 1979000000,
        "incomelossfromcontinuingoperations": 5176000000,
        "earningspersharebasic": 7.52,
        "earningspersharediluted": 7.44
    },
    {
        "date": "2014-12-30",
        "symbol": "BA",
        "period": "FY",
        "netincomeloss": 5446000000,
        "othercomprehensiveincomelossforeigncurrencytransactionandtranslationadjustmentnetoftax": -97000000,
        "othercomprehensiveincomeunrealizedgainlossonderivativesarisingduringperiodnetoftax": -135000000,
        "othercomprehensiveincomelossreclassificationadjustmentfromaocionderivativesnetoftax": 6000000,
        "othercomprehensiveincomelossderivativesqualifyingashedgesnetoftax": -130000000,
        "othercomprehensiveincomedefinedbenefitplansnetunamortizedgainlossarisingduringperiodnetoftax": -4612000000,
        "othercomprehensiveincomelossreclassificationadjustmentfromaocipensionandotherpostretirementbenefitplansfornetgainlossnetoftax": -661000000,
        "othercomprehensiveincomesettlementsandcurtailmentsincludedinnetincomenetoftax": -180000000,
        "pensionandpostretirementbenefitsrelatedtoequitymethodinvestmentsnetoftax": 27000000,
        "othercomprehensiveincomelossamortizationadjustmentfromaocipensionandotherpostretirementbenefitplansfornetpriorservicecostcreditnetoftax": 21000000,
        "othercomprehensiveincomedefinedbenefitplannetpriorservicecostscreditarisingduringperiodnetoftax": 5000000,
        "othercomprehensiveincomelosspensionandotherpostretirementbenefitplansadjustmentnetoftax": 3782000000,
        "othercomprehensiveincomelossnetoftaxportionattributabletoparent": -4009000000,
        "netincomelossattributabletononcontrollinginterest": -10000000,
        "comprehensiveincomenetoftaxincludingportionattributabletononcontrollinginterest": 1447000000,
        "othercomprehensiveincomeunrealizedgainlossonderivativesarisingduringperiodtax": -77000000,
        "othercomprehensiveincomelossreclassificationadjustmentfromaocionderivativestax": -4000000,
        "othercomprehensiveincomedefinedbenefitplansnetunamortizedgainlossarisingduringperiodtax": -2588000000,
        "othercomprehensiveincomelossreclassificationadjustmentfromaocipensionandotherpostretirementbenefitplansfornetgainlosstax": -367000000,
        "othercomprehensiveincomesettlementsandcurtailmentsincludedinnetincometax": -101000000,
        "pensionandpostretirementbenefitsrelatedtoourequitymethodinvestmentstax": 15000000,
        "othercomprehensiveincomelossamortizationadjustmentfromaocipensionandotherpostretirementbenefitplansfornetpriorservicecostcredittax": 12000000,
        "othercomprehensiveincomelosspensionandotherpostretirementbenefitplansbenefitplanimprovementtaxeffect": 3000000,
        "salesrevenuegoodsnet": 80688000000,
        "salesrevenueservicesnet": 10074000000,
        "revenues": 9243000000,
        "costofgoodssold": 68551000000,
        "costofservices": 8132000000,
        "financialservicescosts": 69000000,
        "costofrevenue": 76752000000,
        "grossprofit": 14010000000,
        "incomelossfromequitymethodinvestments": 58000000,
        "generalandadministrativeexpense": 3767000000,
        "researchanddevelopmentexpense": 289000000,
        "gainlossondispositionofassets": -10000000,
        "operatingincomeloss": 6411000000,
        "othernonoperatingincomeexpense": -3000000,
        "interestanddebtexpense": 333000000,
        "incomelossfromcontinuingoperationsbeforeincometaxesextraordinaryitemsnoncontrollinginterest": 7137000000,
        "incometaxexpensebenefit": 1691000000,
        "incomelossfromcontinuingoperations": 5446000000,
        "incomelossfromcontinuingoperationsperbasicshare": 7.47,
        "earningspersharebasic": 7.47,
        "incomelossfromcontinuingoperationsperdilutedshare": 7.38,
        "earningspersharediluted": 7.38
    },
    {
        "date": "2013-12-30",
        "symbol": "BA",
        "period": "FY",
        "netincomeloss": 4585000000,
        "othercomprehensiveincomelossforeigncurrencytransactionandtranslationadjustmentnetoftax": -64000000,
        "othercomprehensiveincomeunrealizedgainlossonderivativesarisingduringperiodnetoftax": -76000000,
        "othercomprehensiveincomelossreclassificationadjustmentfromaocionderivativesnetoftax": -20000000,
        "othercomprehensiveincomelossderivativesqualifyingashedgesnetoftax": -92000000,
        "othercomprehensiveincomedefinedbenefitplannetpriorservicecostscreditarisingduringperiodnetoftax": 74000000,
        "othercomprehensiveincomelossamortizationadjustmentfromaocipensionandotherpostretirementbenefitplansfornetpriorservicecostcreditnetoftax": 10000000,
        "othercomprehensiveincomedefinedbenefitplansnetunamortizedgainlossarisingduringperiodnetoftax": 6143000000,
        "othercomprehensiveincomelossreclassificationadjustmentfromaocipensionandotherpostretirementbenefitplansfornetgainlossnetoftax": -1516000000,
        "othercomprehensiveincomesettlementsandcurtailmentsincludedinnetincomenetoftax": -59000000,
        "pensionandpostretirementbenefitsrelatedtoequitymethodinvestmentsnetoftax": -24000000,
        "othercomprehensiveincomelosspensionandotherpostretirementbenefitplansadjustmentnetoftax": -7678000000,
        "othercomprehensiveincomelossnetoftaxportionattributabletoparent": 7522000000,
        "netincomelossattributabletononcontrollinginterest": -9000000,
        "comprehensiveincomenetoftaxincludingportionattributabletononcontrollinginterest": 12116000000,
        "othercomprehensiveincomeunrealizedgainlossonderivativesarisingduringperiodtax": -42000000,
        "othercomprehensiveincomelossreclassificationadjustmentfromaocionderivativestax": 9000000,
        "othercomprehensiveincomelosspensionandotherpostretirementbenefitplansbenefitplanimprovementtaxeffect": 41000000,
        "othercomprehensiveincomelossamortizationadjustmentfromaocipensionandotherpostretirementbenefitplansfornetpriorservicecostcredittax": 6000000,
        "othercomprehensiveincomedefinedbenefitplansnetunamortizedgainlossarisingduringperiodtax": 3437000000,
        "othercomprehensiveincomelossreclassificationadjustmentfromaocipensionandotherpostretirementbenefitplansfornetgainlosstax": -849000000,
        "othercomprehensiveincomesettlementsandcurtailmentsincludedinnetincometax": -33000000,
        "pensionandpostretirementbenefitsrelatedtoourequitymethodinvestmentstax": -13000000,
        "salesrevenuegoodsnet": 76792000000,
        "salesrevenueservicesnet": 9831000000,
        "revenues": 1657000000,
        "costofgoodssold": 65640000000,
        "costofservices": 7553000000,
        "financialservicescosts": 75000000,
        "costofrevenue": 73268000000,
        "grossprofit": 13355000000,
        "incomelossfromequitymethodinvestments": 25000000,
        "generalandadministrativeexpense": 3956000000,
        "researchanddevelopmentexpense": 285000000,
        "gainlossondispositionofassets": 20000000,
        "operatingincomeloss": 5795000000,
        "othernonoperatingincomeexpense": 56000000,
        "interestanddebtexpense": 386000000,
        "incomelossfromcontinuingoperationsbeforeincometaxesextraordinaryitemsnoncontrollinginterest": 6232000000,
        "incometaxexpensebenefit": 1646000000,
        "incomelossfromcontinuingoperations": 4586000000,
        "discontinuedoperationgainlossondisposalofdiscontinuedoperationnetoftax": -1000000,
        "incomelossfromcontinuingoperationsperbasicshare": 6.03,
        "earningspersharebasic": 6.03,
        "incomelossfromcontinuingoperationsperdilutedshare": 5.96,
        "earningspersharediluted": 5.96
    },
    {
        "date": "2012-12-30",
        "symbol": "BA",
        "period": "FY",
        "netincomeloss": 3900000000,
        "othercomprehensiveincomelossforeigncurrencytransactionandtranslationadjustmentnetoftax": 17000000,
        "othercomprehensiveincomeunrealizedgainlossonderivativesarisingduringperiodnetoftax": -10000000,
        "othercomprehensiveincomelossreclassificationadjustmentonderivativesincludedinnetincomenetoftax": -30000000,
        "othercomprehensiveincomelossderivativesqualifyingashedgesnetoftax": 20000000,
        "othercomprehensiveincomedefinedbenefitplannetpriorservicecostscreditarisingduringperiodnetoftax": 16000000,
        "othercomprehensiveincomelossamortizationpensionandotherpostretirementbenefitplansnetpriorservicecostrecognizedinnetperiodicpensioncostnetoftax": -18000000,
        "othercomprehensiveincomedefinedbenefitplansnetunamortizedgainlossarisingduringperiodnetoftax": -2401000000,
        "othercomprehensiveincomereclassificationofdefinedbenefitplansnetgainlossrecognizedinnetperiodicbenefitcostnetoftax": 1304000000,
        "othercomprehensiveincomesettlementsandcurtailmentsincludedinnetincomenetoftax": -15000000,
        "pensionandpostretirementbenefitsrelatedtoequitymethodinvestmentsnetoftax": -127000000,
        "othercomprehensiveincomelosspensionandotherpostretirementbenefitplansadjustmentnetoftax": 953000000,
        "othercomprehensiveincomelossnetoftaxportionattributabletoparent": -916000000,
        "netincomelossattributabletononcontrollinginterest": -3000000,
        "comprehensiveincomenetoftaxincludingportionattributabletononcontrollinginterest": 2987000000,
        "othercomprehensiveincomeunrealizedgainlossonderivativesarisingduringperiodtax": 13000000,
        "othercomprehensiveincomelossreclassificationadjustmentonderivativesincludedinnetincometax": -3000000,
        "unrealizedpriorservicecostsarisingduringperiodtax": 9000000,
        "othercomprehensiveincomeamortizationofdefinedbenefitplannetpriorservicecostrecognizedinnetperiodicpensioncosttax": -10000000,
        "othercomprehensiveincomedefinedbenefitplansnetunamortizedgainlossarisingduringperiodtax": -1382000000,
        "othercomprehensiveincomelossreclassificationpensionandotherpostretirementbenefitplansnetgainlossrecognizedinnetperiodicbenefitcosttax": 752000000,
        "othercomprehensiveincomesettlementsandcurtailmentsincludedinnetincometax": -9000000,
        "pensionandpostretirementbenefitsrelatedtoourequitymethodinvestmentstax": -74000000,
        "salesrevenuegoodsnet": 71234000000,
        "salesrevenueservicesnet": 10464000000,
        "revenues": 7584000000,
        "costofgoodssold": 60309000000,
        "costofservices": 8247000000,
        "financialservicescosts": 88000000,
        "costofrevenue": 68644000000,
        "grossprofit": 13054000000,
        "incomelossfromequitymethodinvestments": 77000000,
        "generalandadministrativeexpense": 3717000000,
        "researchanddevelopmentexpense": 326000000,
        "gainlossondispositionofassets": 4000000,
        "operatingincomeloss": 1581000000,
        "othernonoperatingincomeexpense": 62000000,
        "interestanddebtexpense": 463000000,
        "incomelossfromcontinuingoperationsbeforeincometaxesextraordinaryitemsnoncontrollinginterest": 5910000000,
        "incometaxexpensebenefit": 2007000000,
        "incomelossfromcontinuingoperations": 3903000000,
        "discontinuedoperationgainlossondisposalofdiscontinuedoperationnetoftax": -3000000,
        "incomelossfromcontinuingoperationsperbasicshare": 5.15,
        "earningspersharebasic": 5.15,
        "incomelossfromcontinuingoperationsperdilutedshare": 5.11,
        "earningspersharediluted": 5.11,
        "discontinuedoperationtaxeffectofincomelossfromdisposalofdiscontinuedoperation": 2000000
    },
    {
        "date": "2011-12-30",
        "symbol": "BA",
        "period": "FY",
        "salesrevenuegoodsnet": 57401000000,
        "salesrevenueservicesnet": 11334000000,
        "revenues": 8673000000,
        "costofgoodssold": 46642000000,
        "costofservices": 9097000000,
        "financialservicescosts": 128000000,
        "costofrevenue": 55867000000,
        "grossprofit": 12868000000,
        "incomelossfromequitymethodinvestments": 210000000,
        "generalandadministrativeexpense": 3408000000,
        "researchanddevelopmentexpense": 476000000,
        "gainlossondispositionofassets": 24000000,
        "operatingincomeloss": 690000000,
        "othernonoperatingincomeexpense": 47000000,
        "interestanddebtexpense": 498000000,
        "incomelossfromcontinuingoperationsbeforeincometaxesextraordinaryitemsnoncontrollinginterest": 5393000000,
        "incometaxexpensebenefit": 1382000000,
        "incomelossfromcontinuingoperations": 4011000000,
        "discontinuedoperationgainlossondisposalofdiscontinuedoperationnetoftax": 7000000,
        "netincomeloss": 4018000000,
        "incomelossfromcontinuingoperationsperbasicshare": 5.38,
        "discontinuedoperationgainlossondisposalofdiscontinuedoperationnetoftaxperbasicshare": 0.01,
        "earningspersharebasic": 5.39,
        "incomelossfromcontinuingoperationsperdilutedshare": 5.33,
        "discontinuedoperationgainlossondisposalofdiscontinuedoperationnetoftaxperdilutedshare": 0.01,
        "earningspersharediluted": 5.34,
        "discontinuedoperationtaxeffectofincomelossfromdisposalofdiscontinuedoperation": -4000000
    },
    {
        "date": "2010-12-30",
        "symbol": "BA",
        "period": "FY",
        "salesrevenuegoodsnet": 52586000000,
        "salesrevenueservicesnet": 11720000000,
        "revenues": 9455000000,
        "costofgoodssold": 42194000000,
        "costofservices": 9489000000,
        "financinginterestexpense": 160000000,
        "costofrevenue": 51843000000,
        "grossprofit": 12463000000,
        "incomelossfromequitymethodinvestments": 267000000,
        "generalandadministrativeexpense": 3644000000,
        "researchanddevelopmentexpense": 417000000,
        "gainlossondispositionofassets": 6000000,
        "operatingincomeloss": 711000000,
        "othernonoperatingincomeexpense": 52000000,
        "interestanddebtexpense": 516000000,
        "incomelossfromcontinuingoperationsbeforeincometaxesminorityinterestandincomelossfromequitymethodinvestments": 4507000000,
        "incometaxexpensebenefit": 1196000000,
        "incomelossfromcontinuingoperations": 3311000000,
        "discontinuedoperationgainlossondisposalofdiscontinuedoperationnetoftax": -4000000,
        "netincomeloss": 3307000000,
        "incomelossfromcontinuingoperationsperbasicshare": 4.5,
        "incomelossfromdiscontinuedoperationsnetoftaxperbasicshare": -0.01,
        "earningspersharebasic": 4.49,
        "incomelossfromcontinuingoperationsperdilutedshare": 4.46,
        "incomelossfromdiscontinuedoperationsnetoftaxperdilutedshare": -0.01,
        "earningspersharediluted": 4.45,
        "discontinuedoperationtaxeffectofincomelossfromdisposalofdiscontinuedoperation": 2000000
    },
    {
        "date": "2009-12-30",
        "symbol": "BA",
        "period": "FY",
        "salesrevenuegoodsnet": 57032000000,
        "salesrevenueservicesnet": 11249000000,
        "revenues": 68281000000,
        "costofgoodssold": 47639000000,
        "costofservices": 8726000000,
        "financinginterestexpense": 175000000,
        "costofrevenue": 56540000000,
        "grossprofit": 11741000000,
        "incomelossfromequitymethodinvestments": 249000000,
        "generalandadministrativeexpense": 3364000000,
        "researchanddevelopmentexpense": 6506000000,
        "gainlossondispositionofassets": -24000000,
        "operatingincomeloss": 2096000000,
        "othernonoperatingincomeexpense": -26000000,
        "interestanddebtexpense": 339000000,
        "incomelossfromcontinuingoperationsbeforeincometaxesminorityinterestandincomelossfromequitymethodinvestments": 1731000000,
        "incometaxexpensebenefit": 396000000,
        "incomelossfromcontinuingoperations": 1335000000,
        "discontinuedoperationgainlossondisposalofdiscontinuedoperationnetoftax": -23000000,
        "netincomeloss": 1312000000,
        "incomelossfromcontinuingoperationsperbasicshare": 1.89,
        "incomelossfromdiscontinuedoperationsnetoftaxperbasicshare": -0.03,
        "earningspersharebasic": 1.86,
        "incomelossfromcontinuingoperationsperdilutedshare": 1.87,
        "incomelossfromdiscontinuedoperationsnetoftaxperdilutedshare": -0.03,
        "earningspersharediluted": 1.84,
        "discontinuedoperationtaxeffectofincomelossfromdisposalofdiscontinuedoperation": 13000000
    }
]