[
    {
        "date": "2022-12-30",
        "symbol": "CBRE",
        "period": "FY",
        "revenues": 9279740000,
        "costofrevenue": 24239488000,
        "operatingadministrativeandotherexpenses": 4649460000,
        "depreciationandamortization": 33002000,
        "assetimpairmentcharges": 58713000,
        "costandexpensesexcludinggainondispositionofrealestateassets": 29560749000,
        "gainslossesonsalesofinvestmentrealestate": 244418000,
        "operatingincomeloss": 578228000,
        "incomelossfromequitymethodinvestments": -167348000,
        "othernonoperatingincomeexpense": -11864000,
        "interestincomeexpensenet": -68999000,
        "writeoffofdeferreddebtissuancecost": 1860000,
        "incomelossfromcontinuingoperationsbeforeincometaxesextraordinaryitemsnoncontrollinginterest": 1658190000,
        "incometaxexpensebenefit": 234230000,
        "profitloss": 4102329000,
        "netincomelossattributabletononcontrollinginterest": 16590000,
        "netincomeloss": 1407370000,
        "earningspersharebasic": 4.36,
        "weightedaveragenumberofsharesoutstandingbasic": 322813345,
        "earningspersharediluted": 4.29,
        "weightedaveragenumberofdilutedsharesoutstanding": 327696115,
        "othercomprehensiveincomelossforeigncurrencytransactionandtranslationadjustmentnetoftax": -94111000,
        "reclassificationfromaccumulatedothercomprehensiveincomecurrentperiodnetoftax": -439000,
        "othercomprehensiveincomeunrealizedholdinggainlossonsecuritiesarisingduringperiodnetoftax": -5819000,
        "othercomprehensiveincomeminimumpensionliabilitynetadjustmentsnetoftax": 14602000,
        "othercomprehensiveincomeothernetoftax": -7565000,
        "othercomprehensiveincomelossnetoftax": -436232000,
        "comprehensiveincomenetoftaxincludingportionattributabletononcontrollinginterest": 987728000,
        "comprehensiveincomenetoftaxattributabletononcontrollinginterest": -77521000,
        "comprehensiveincomenetoftax": 1065249000,
        "reclassificationfromaocicurrentperiodtax": 143000,
        "othercomprehensiveincomeunrealizedholdinggainlossonsecuritiesarisingduringperiodtax": -1755000,
        "othercomprehensiveincomedefinedbenefitplanstaxes": 5243000,
        "othercomprehensiveincomelossothertax": 1022000
    },
    {
        "date": "2021-12-30",
        "symbol": "CBRE",
        "period": "FY",
        "revenues": 8428253000,
        "costofrevenue": 21579507000,
        "operatingadministrativeandotherexpenses": 4074184000,
        "depreciationandamortization": 28606000,
        "assetimpairmentcharges": 88676000,
        "costandexpensesexcludinggainondispositionofrealestateassets": 26179562000,
        "gainslossesonsalesofinvestmentrealestate": 70993000,
        "operatingincomeloss": 216855000,
        "incomelossfromequitymethodinvestments": 36858000,
        "othernonoperatingincomeexpense": 203609000,
        "interestincomeexpensenet": -50352000,
        "incomelossfromcontinuingoperationsbeforeincometaxesextraordinaryitemsnoncontrollinginterest": -500000,
        "incometaxexpensebenefit": 567506000,
        "profitloss": 3260051000,
        "netincomelossattributabletononcontrollinginterest": 5341000,
        "netincomeloss": 1836574000,
        "earningspersharebasic": 5.48,
        "weightedaveragenumberofsharesoutstandingbasic": 335232840,
        "earningspersharediluted": 5.41,
        "weightedaveragenumberofdilutedsharesoutstanding": 339717401,
        "othercomprehensiveincomelossforeigncurrencytransactionandtranslationadjustmentnetoftax": -11854000,
        "reclassificationfromaccumulatedothercomprehensiveincomecurrentperiodnetoftax": -431000,
        "othercomprehensiveincomeunrealizedholdinggainlossonsecuritiesarisingduringperiodnetoftax": -1964000,
        "othercomprehensiveincomeminimumpensionliabilitynetadjustmentsnetoftax": -35304000,
        "othercomprehensiveincomeothernetoftax": 3164000,
        "othercomprehensiveincomelossnetoftax": -122787000,
        "comprehensiveincomenetoftaxincludingportionattributabletononcontrollinginterest": 1719128000,
        "comprehensiveincomenetoftaxattributabletononcontrollinginterest": -6513000,
        "comprehensiveincomenetoftax": 1725641000,
        "reclassificationfromaocicurrentperiodtax": 151000,
        "othercomprehensiveincomeunrealizedholdinggainlossonsecuritiesarisingduringperiodtax": -415000,
        "othercomprehensiveincomedefinedbenefitplanstaxes": 8281000,
        "othercomprehensiveincomelossothertax": 699000
    },
    {
        "date": "2020-12-30",
        "symbol": "CBRE",
        "period": "FY",
        "revenues": 23826195000,
        "costofrevenue": 19047620000,
        "operatingadministrativeandotherexpenses": 3306205000,
        "depreciationandamortization": 501728000,
        "assetimpairmentcharges": 88676000,
        "costandexpensesexcludinggainondispositionofrealestateassets": 22944229000,
        "gainslossesonsalesofinvestmentrealestate": 87793000,
        "operatingincomeloss": 969759000,
        "incomelossfromequitymethodinvestments": 126161000,
        "othernonoperatingincomeexpense": 17394000,
        "interestincomeexpensenet": -67753000,
        "writeoffofdeferreddebtissuancecost": 75592000,
        "incomelossfromcontinuingoperationsbeforeincometaxesextraordinaryitemsnoncontrollinginterest": 969969000,
        "incometaxexpensebenefit": 214101000,
        "profitloss": 755868000,
        "netincomelossattributabletononcontrollinginterest": 3879000,
        "netincomeloss": 751989000,
        "earningspersharebasic": 2.24,
        "weightedaveragenumberofsharesoutstandingbasic": 335196296,
        "earningspersharediluted": 2.22,
        "weightedaveragenumberofdilutedsharesoutstanding": 338392210,
        "othercomprehensiveincomelossforeigncurrencytransactionandtranslationadjustmentnetoftax": 124260000,
        "reclassificationfromaccumulatedothercomprehensiveincomecurrentperiodnetoftax": -426000,
        "othercomprehensiveincomeunrealizedholdinggainlossonsecuritiesarisingduringperiodnetoftax": 1436000,
        "othercomprehensiveincomeminimumpensionliabilitynetadjustmentsnetoftax": -7343000,
        "othercomprehensiveincomeothernetoftax": 16772000,
        "othercomprehensiveincomelossnetoftax": 150237000,
        "comprehensiveincomenetoftaxincludingportionattributabletononcontrollinginterest": 906105000,
        "comprehensiveincomenetoftaxattributabletononcontrollinginterest": 4094000,
        "comprehensiveincomenetoftax": 902011000,
        "reclassificationfromaocicurrentperiodtax": 156000,
        "othercomprehensiveincomeunrealizedholdinggainlossonsecuritiesarisingduringperiodtax": 382000,
        "othercomprehensiveincomedefinedbenefitplanstaxes": 1663000,
        "othercomprehensiveincomelossothertax": 3068000
    },
    {
        "date": "2019-12-30",
        "symbol": "CBRE",
        "period": "FY",
        "revenues": 23894091000,
        "costofrevenue": 18689013000,
        "operatingadministrativeandotherexpenses": 3436009000,
        "depreciationandamortization": 439224000,
        "goodwillandintangibleassetimpairment": 89787000,
        "costandexpensesexcludinggainondispositionofrealestateassets": 22654033000,
        "gainslossesonsalesofinvestmentrealestate": 19817000,
        "operatingincomeloss": 1259875000,
        "incomelossfromequitymethodinvestments": 160925000,
        "othernonoperatingincomeexpense": 28907000,
        "interestincomeexpensenet": -85754000,
        "writeoffofdeferreddebtissuancecost": 2608000,
        "incomelossfromcontinuingoperationsbeforeincometaxesextraordinaryitemsnoncontrollinginterest": 1361345000,
        "incometaxexpensebenefit": 69895000,
        "profitloss": 1291450000,
        "netincomelossattributabletononcontrollinginterest": 9093000,
        "netincomeloss": 1282357000,
        "earningspersharebasic": 3.82,
        "weightedaveragenumberofsharesoutstandingbasic": 335795654,
        "earningspersharediluted": 3.77,
        "weightedaveragenumberofdilutedsharesoutstanding": 340522871,
        "othercomprehensiveincomelossforeigncurrencytransactionandtranslationadjustmentnetoftax": -14092000,
        "reclassificationfromaccumulatedothercomprehensiveincomecurrentperiodnetoftax": -1320000,
        "othercomprehensiveincomelosscashflowhedgegainlossafterreclassificationandtax": -100000,
        "othercomprehensiveincomeunrealizedholdinggainlossonsecuritiesarisingduringperiodnetoftax": 2101000,
        "othercomprehensiveincomeminimumpensionliabilitynetadjustmentsnetoftax": -944000,
        "othercomprehensiveincomelosslegalentityrestructuringnetoftax": 63149000,
        "othercomprehensiveincomeothernetoftax": -14946000,
        "othercomprehensiveincomelossnetoftax": 38476000,
        "comprehensiveincomenetoftaxincludingportionattributabletononcontrollinginterest": 1329926000,
        "comprehensiveincomenetoftaxattributabletononcontrollinginterest": 9048000,
        "comprehensiveincomenetoftax": 1320878000,
        "reclassificationfromaocicurrentperiodtax": 471000,
        "othercomprehensiveincomeunrealizedholdinggainlossonsecuritiesarisingduringperiodtax": 559000,
        "othercomprehensiveincomedefinedbenefitplanstaxes": 194000,
        "othercomprehensiveincomelosslegalentityrestructuringtax": 17694000,
        "othercomprehensiveincomelossothertax": -3795000
    },
    {
        "date": "2018-12-30",
        "symbol": "CBRE",
        "period": "FY",
        "revenues": 9341619000,
        "costofgoodsandservicessold": 6935265000,
        "operatingexpenses": 1566234000,
        "depreciationandamortization": 180610000,
        "costsandexpenses": 8682109000,
        "gainslossesonsalesofinvestmentrealestate": 7169000,
        "operatingincomeloss": 666679000,
        "incomelossfromequitymethodinvestments": 1584000,
        "othernonoperatingincomeexpense": -10638000,
        "investmentincomeinterest": -347259000,
        "interestexpense": -347259000,
        "writeoffofdeferreddebtissuancecost": 27982000,
        "incomelossfromcontinuingoperationsbeforeincometaxesextraordinaryitemsnoncontrollinginterest": -2740635000,
        "incometaxexpensebenefit": 154607000,
        "profitloss": -2740635000,
        "netincomelossattributabletononcontrollinginterest": 2729000,
        "netincomeloss": -2740635000,
        "earningspersharebasic": 3.13,
        "weightedaveragenumberofsharesoutstandingbasic": 339321056,
        "earningspersharediluted": 3.1,
        "weightedaveragenumberofdilutedsharesoutstanding": 343122741,
        "othercomprehensiveincomelossforeigncurrencytransactionandtranslationadjustmentnetoftax": -161384000,
        "newaccountingpronouncementorchangeinaccountingprincipleeffectofadoptionquantification": -3964000,
        "reclassificationfromaccumulatedothercomprehensiveincomecurrentperiodnetoftax": -2439000,
        "othercomprehensiveincomeunrealizedgainlossonderivativesarisingduringperiodnetoftax": 708000,
        "othercomprehensiveincomeunrealizedholdinggainlossonsecuritiesarisingduringperiodnetoftax": -971000,
        "othercomprehensiveincomeminimumpensionliabilitynetadjustmentsnetoftax": -1315000,
        "othercomprehensiveincomeothernetoftax": -5077000,
        "othercomprehensiveincomelossnetoftax": -165146000,
        "comprehensiveincomenetoftaxincludingportionattributabletononcontrollinginterest": -2740635000,
        "comprehensiveincomenetoftaxattributabletononcontrollinginterest": 1657000,
        "comprehensiveincomenetoftax": -2740635000,
        "reclassificationfromaocitoretainedearningsperiodtax": -2141000,
        "reclassificationfromaocicurrentperiodtax": 876000,
        "othercomprehensiveincomeunrealizedgainlossonderivativesarisingduringperiodtax": 254000,
        "othercomprehensiveincomeunrealizedholdinggainlossonsecuritiesarisingduringperiodtax": -349000,
        "othercomprehensiveincomedefinedbenefitplanstaxes": 269000,
        "othercomprehensiveincomelosstax": -3550000
    },
    {
        "date": "2017-12-30",
        "symbol": "CBRE",
        "period": "FY",
        "revenues": 7037780000,
        "costofservices": 4908025000,
        "operatingexpenses": 1365557000,
        "depreciationandamortization": 166251000,
        "costsandexpenses": 6439833000,
        "gainslossesonsalesofinvestmentrealestate": 13791000,
        "operatingincomeloss": 611738000,
        "incomelossfromequitymethodinvestments": 3552000,
        "othernonoperatingincomeexpense": 9382000,
        "investmentincomeinterest": -143425000,
        "interestexpense": -143425000,
        "incomelossfromcontinuingoperationsbeforeincometaxesextraordinaryitemsnoncontrollinginterest": -1839443000,
        "incometaxexpensebenefit": 152190000,
        "profitloss": -1839443000,
        "netincomelossattributabletononcontrollinginterest": 6467000,
        "netincomeloss": -1839443000,
        "earningspersharebasic": 2.05,
        "weightedaveragenumberofsharesoutstandingbasic": 337658017,
        "earningspersharediluted": 2.03,
        "weightedaveragenumberofdilutedsharesoutstanding": 340783556,
        "othercomprehensiveincomelossforeigncurrencytransactionandtranslationadjustmentnetoftax": 217221000,
        "reclassificationfromaccumulatedothercomprehensiveincomecurrentperiodnetoftax": -4964000,
        "othercomprehensiveincomeunrealizedgainlossonderivativesarisingduringperiodnetoftax": 585000,
        "othercomprehensiveincomeunrealizedholdinggainlossonsecuritiesarisingduringperiodnetoftax": 180000,
        "othercomprehensiveincomeminimumpensionliabilitynetadjustmentsnetoftax": -12701000,
        "othercomprehensiveincomeothernetoftax": 387000,
        "othercomprehensiveincomelossnetoftax": 230489000,
        "comprehensiveincomenetoftaxincludingportionattributabletononcontrollinginterest": -1839443000,
        "comprehensiveincomenetoftaxattributabletononcontrollinginterest": 6879000,
        "comprehensiveincomenetoftax": -1839443000,
        "reclassificationfromaocicurrentperiodtax": 3066000,
        "othercomprehensiveincomeunrealizedgainlossonderivativesarisingduringperiodtax": 362000,
        "othercomprehensiveincomeunrealizedholdinggainlossonsecuritiesarisingduringperiodtax": 1685000,
        "othercomprehensiveincomedefinedbenefitplanstaxes": 2601000,
        "othercomprehensiveincomelosstax": 342000
    },
    {
        "date": "2016-12-30",
        "symbol": "CBRE",
        "period": "FY",
        "revenues": 4059422000,
        "costofservices": 4635426000,
        "operatingexpenses": -8231000,
        "depreciationandamortization": 66639000,
        "costsandexpenses": -8231000,
        "gainslossesonsalesofinvestmentrealestate": 3669000,
        "operatingincomeloss": 8231000,
        "incomelossfromequitymethodinvestments": 1817000,
        "othernonoperatingincomeexpense": 1000,
        "investmentincomeinterest": 131132000,
        "interestexpense": 184738000,
        "incomelossfromcontinuingoperationsbeforeincometaxesextraordinaryitemsnoncontrollinginterest": 557697000,
        "incometaxexpensebenefit": -17364000,
        "profitloss": 12091000,
        "netincomelossattributabletononcontrollinginterest": 12091000,
        "netincomeloss": 575061000,
        "earningspersharebasic": 1.71,
        "weightedaveragenumberofsharesoutstandingbasic": 335414831,
        "earningspersharediluted": 1.69,
        "weightedaveragenumberofdilutedsharesoutstanding": 338424563,
        "othercomprehensiveincomelossforeigncurrencytransactionandtranslationadjustmentbeforetax": 17000,
        "reclassificationfromaccumulatedothercomprehensiveincomecurrentperiodnetoftax": -6839000,
        "othercomprehensiveincomeunrealizedgainlossonderivativesarisingduringperiodnetoftax": -1431000,
        "othercomprehensiveincomeunrealizedholdinggainlossonsecuritiesarisingduringperiodnetoftax": 384000,
        "othercomprehensiveincomeminimumpensionliabilitynetadjustmentsnetoftax": 63749000,
        "othercomprehensiveincomeothernetoftax": -759000,
        "othercomprehensiveincomelossnetoftax": 5408000,
        "comprehensiveincomenetoftaxincludingportionattributabletononcontrollinginterest": 580469000,
        "comprehensiveincomenetoftaxattributabletononcontrollinginterest": 12108000,
        "comprehensiveincomenetoftax": 580469000,
        "reclassificationfromaocicurrentperiodtax": 4443000,
        "othercomprehensiveincomeunrealizedgainlossonderivativesarisingduringperiodtax": -929000,
        "othercomprehensiveincomeunrealizedholdinggainlossonsecuritiesarisingduringperiodtax": 250000,
        "othercomprehensiveincomedefinedbenefitplanstaxes": -13057000,
        "othercomprehensiveincomelosstax": -3705000
    },
    {
        "date": "2015-12-30",
        "symbol": "CBRE",
        "period": "FY",
        "revenues": 982000000,
        "costofservices": 3300227000,
        "operatingexpenses": -23833000,
        "depreciationandamortization": 15580000,
        "costsandexpenses": -23833000,
        "gainslossesonsalesofinvestmentrealestate": 6912000,
        "operatingincomeloss": 27700000,
        "incomelossfromequitymethodinvestments": 83000,
        "othernonoperatingincomeexpense": 1000,
        "investmentincomeinterest": -316475000,
        "interestexpense": -316475000,
        "writeoffofdeferreddebtissuancecost": 2685000,
        "incomelossfromcontinuingoperationsbeforeincometaxesextraordinaryitemsnoncontrollinginterest": -1339488000,
        "incometaxexpensebenefit": 26941000,
        "incomelossfromcontinuingoperationsincludingportionattributabletononcontrollinginterest": 558877000,
        "profitloss": 547132000,
        "netincomelossattributabletononcontrollinginterest": 11745000,
        "netincomeloss": 18800000,
        "incomelossfromcontinuingoperationsperbasicshare": 1.64,
        "earningspersharebasic": 1.64,
        "weightedaveragenumberofsharesoutstandingbasic": 332616301,
        "incomelossfromcontinuingoperationsperdilutedshare": 1.63,
        "earningspersharediluted": 1.63,
        "weightedaveragenumberofdilutedsharesoutstanding": 336414856,
        "incomelossfromcontinuingoperations": 547132000,
        "othercomprehensiveincomelossforeigncurrencytransactionandtranslationadjustmentbeforetax": -164359000,
        "feesassociatedwithterminationofinterestrateswapagreements": 3908000,
        "reclassificationfromaccumulatedothercomprehensiveincomecurrentperiodnetoftax": -7680000,
        "othercomprehensiveincomeunrealizedgainlossonderivativesarisingduringperiodnetoftax": -4107000,
        "othercomprehensiveincomeunrealizedholdinggainlossonsecuritiesarisingduringperiodnetoftax": -705000,
        "othercomprehensiveincomeminimumpensionliabilitynetadjustmentsnetoftax": -3741000,
        "othercomprehensiveincomeothernetoftax": 3000,
        "othercomprehensiveincomelossnetoftax": -335000,
        "comprehensiveincomenetoftaxincludingportionattributabletononcontrollinginterest": -1339488000,
        "comprehensiveincomenetoftaxattributabletononcontrollinginterest": 11754000,
        "comprehensiveincomenetoftax": -1339488000,
        "feesassociatedwithterminationofinterestrateswapagreementstax": -2244000,
        "reclassificationfromaocicurrentperiodtax": 4411000,
        "othercomprehensiveincomeunrealizedgainlossonderivativesarisingduringperiodtax": -2358000,
        "othercomprehensiveincomeunrealizedholdinggainlossonsecuritiesarisingduringperiodtax": -405000,
        "othercomprehensiveincomedefinedbenefitplanstaxes": 773000
    },
    {
        "date": "2014-12-30",
        "symbol": "CBRE",
        "period": "FY",
        "revenues": 4157158000,
        "costofservices": 2517051000,
        "operatingexpenses": -906000,
        "depreciationandamortization": 134429000,
        "costsandexpenses": -906000,
        "gainslossesonsalesofotherrealestate": 50656000,
        "operatingincomeloss": 906000,
        "incomelossfromequitymethodinvestments": 6443000,
        "othernonoperatingincomeexpense": 1000,
        "investmentincomeinterest": 222738000,
        "interestexpense": 101309000,
        "writeoffoffinancingcosts": 23087000,
        "incomelossfromcontinuingoperationsbeforeincometaxesextraordinaryitemsnoncontrollinginterest": 554238000,
        "incometaxexpensebenefit": 36945000,
        "incomelossfromcontinuingoperationsincludingportionattributabletononcontrollinginterest": 513503000,
        "profitloss": 517293000,
        "netincomelossattributabletononcontrollinginterest": 29000000,
        "netincomeloss": 517293000,
        "incomelossfromcontinuingoperationsperbasicshare": 1.47,
        "earningspersharebasic": 1.47,
        "weightedaveragenumberofsharesoutstandingbasic": 330620206,
        "incomelossfromcontinuingoperationsperdilutedshare": 1.45,
        "earningspersharediluted": 1.45,
        "weightedaveragenumberofdilutedsharesoutstanding": 334171509,
        "incomelossfromcontinuingoperations": 484503000,
        "othercomprehensiveincomelossforeigncurrencytransactionandtranslationadjustmentbeforetax": -148589000,
        "reclassificationfromaccumulatedothercomprehensiveincomecurrentperiodnetoftax": -7279000,
        "othercomprehensiveincomeunrealizedgainlossonderivativesarisingduringperiodnetoftax": -5988000,
        "othercomprehensiveincomeunrealizedholdinggainlossonsecuritiesarisingduringperiodnetoftax": -364000,
        "othercomprehensiveincomeminimumpensionliabilitynetadjustmentsnetoftax": 30355000,
        "othercomprehensiveincomeothernetoftax": 549000,
        "othercomprehensiveincomelossnetoftax": 1291000,
        "comprehensiveincomenetoftaxincludingportionattributabletononcontrollinginterest": 518584000,
        "comprehensiveincomenetoftaxattributabletononcontrollinginterest": 28913000,
        "comprehensiveincomenetoftax": 518584000,
        "reclassificationfromaccumulatedothercomprehensiveincomecurrentperiodtax": 4710000,
        "othercomprehensiveincomeunrealizedgainlossonderivativesarisingduringperiodtax": -3825000,
        "othercomprehensiveincomeunrealizedholdinggainlossonsecuritiesarisingduringperiodtax": -614000,
        "othercomprehensiveincomedefinedbenefitplanstaxes": -7589000
    },
    {
        "date": "2013-12-30",
        "symbol": "CBRE",
        "period": "FY",
        "revenues": 8222000,
        "costofservices": 1579689000,
        "operatingexpenses": 9660000,
        "depreciationandamortization": 4739000,
        "impairmentofintangibleassetsindefinitelivedexcludinggoodwill": 98100000,
        "costsandexpenses": 9660000,
        "gainslossesonsalesofotherrealestate": 6044000,
        "operatingincomeloss": -9660000,
        "incomelossfromequitymethodinvestments": 43043000,
        "othernonoperatingincomeexpense": -7000,
        "investmentincomeinterest": 365000,
        "interestexpense": 7004000,
        "writeoffoffinancingcosts": 17800000,
        "incomelossfromcontinuingoperationsbeforeincometaxesandnoncontrollinginterest": 325001000,
        "incometaxexpensebenefit": 13006000,
        "incomelossfromcontinuingoperationsincludingportionattributabletononcontrollinginterest": 343247000,
        "incomelossfromdiscontinuedoperationsnetoftax": 15236000,
        "profitloss": 316538000,
        "netincomelossattributabletononcontrollinginterest": 13805000,
        "netincomeloss": 18233000,
        "incomelossfromcontinuingoperationsperbasicshare": 0.95,
        "incomelossfromdiscontinuedoperationsnetoftaxperbasicshare": 0.01,
        "earningspersharebasic": 0.96,
        "weightedaveragenumberofsharesoutstandingbasic": 328110004,
        "incomelossfromcontinuingoperationsperdilutedshare": 0.94,
        "incomelossfromdiscontinuedoperationsnetoftaxperdilutedshare": 0.01,
        "earningspersharediluted": 0.95,
        "weightedaveragenumberofdilutedsharesoutstanding": 331762854,
        "incomelossfromcontinuingoperations": 314229000,
        "incomelossfromdiscontinuedoperationsnetoftaxattributabletoreportingentity": 2309000,
        "othercomprehensiveincomelossforeigncurrencytransactionandtranslationadjustmentbeforetax": -786000,
        "othercomprehensiveincomeunrealizedgainlossonderivativesarisingduringperiodnetoftax": 11512000,
        "othercomprehensiveincomeunrealizedholdinggainlossonsecuritiesarisingduringperiodnetoftax": 1151000,
        "othercomprehensiveincomeminimumpensionliabilitynetadjustmentsnetoftax": 5638000,
        "othercomprehensiveincomeothernetoftax": 3441000,
        "othercomprehensiveincomelossnetoftax": 11468000,
        "comprehensiveincomenetoftaxincludingportionattributabletononcontrollinginterest": 354715000,
        "comprehensiveincomenetoftaxattributabletononcontrollinginterest": 31471000,
        "comprehensiveincomenetoftax": 354715000,
        "othercomprehensiveincomeunrealizedgainlossonderivativesarisingduringperiodtax": 7557000,
        "othercomprehensiveincomeunrealizedholdinggainlossonsecuritiesarisingduringperiodtax": 756000,
        "othercomprehensiveincomedefinedbenefitplanstaxes": -1409000
    },
    {
        "date": "2012-12-30",
        "symbol": "CBRE",
        "period": "FY",
        "revenues": 1031818000,
        "costofservices": 2331776000,
        "generalandadministrativeandotheroperatingexpenses": 7367000,
        "depreciationandamortization": 14198000,
        "impairmentofintangibleassetsindefinitelivedexcludinggoodwill": 19826000,
        "costsandexpenses": 7367000,
        "gainslossesonsalesofotherrealestate": 5881000,
        "operatingincomeloss": -7367000,
        "incomelossfromequitymethodinvestments": 1205000,
        "othernonoperatingincomeexpense": 1500000,
        "investmentincomeinterest": 18547000,
        "interestexpense": 9152000,
        "incomelossfromcontinuingoperationsbeforeincometaxesandnoncontrollinginterest": 338682000,
        "incometaxexpensebenefit": 7170000,
        "incomelossfromcontinuingoperationsincludingportionattributabletononcontrollinginterest": 345262000,
        "incomelossfromdiscontinuedoperationsnetoftax": -1408000,
        "profitloss": 315555000,
        "netincomelossattributabletononcontrollinginterest": -5227000,
        "netincomeloss": 9846000,
        "incomelossfromcontinuingoperationsperbasicshare": 0.97,
        "incomelossfromdiscontinuedoperationsnetoftaxperbasicshare": 0.01,
        "earningspersharebasic": 0.98,
        "weightedaveragenumberofsharesoutstandingbasic": 322315576,
        "incomelossfromcontinuingoperationsperdilutedshare": 0.96,
        "incomelossfromdiscontinuedoperationsnetoftaxperdilutedshare": 0.01,
        "earningspersharediluted": 0.97,
        "weightedaveragenumberofdilutedsharesoutstanding": 327044145,
        "incomelossfromcontinuingoperations": 313853000,
        "incomelossfromdiscontinuedoperationsnetoftaxattributabletoreportingentity": 1702000,
        "othercomprehensiveincomelossforeigncurrencytransactionandtranslationadjustmentbeforetax": -611000,
        "othercomprehensiveincomeunrealizedgainlossonderivativesarisingduringperiodnetoftax": -4924000,
        "othercomprehensiveincomelossavailableforsalesecuritiesadjustmentnetoftax": 475000,
        "othercomprehensiveincomeminimumpensionliabilitynetadjustmentsnetoftax": 947000,
        "othercomprehensiveincomeothernetoftax": -871000,
        "othercomprehensiveincomelossnetoftax": -4868000,
        "comprehensiveincomenetoftaxincludingportionattributabletononcontrollinginterest": 340394000,
        "comprehensiveincomenetoftaxattributabletononcontrollinginterest": -11154000,
        "comprehensiveincomenetoftax": 340394000,
        "othercomprehensiveincomeunrealizedgainlossonderivativesarisingduringperiodtax": -3316000,
        "othercomprehensiveincomeunrealizedholdinggainlossonsecuritiesarisingduringperiodtax": 43000,
        "othercomprehensiveincomedefinedbenefitplanstaxes": -1131000
    },
    {
        "date": "2011-12-30",
        "symbol": "CBRE",
        "period": "FY",
        "revenues": 2486015000,
        "costofservices": 1392970000,
        "generalandadministrativeandotheroperatingexpenses": 41708000,
        "depreciationandamortization": 48759000,
        "costsandexpenses": 41708000,
        "gainslossesonsalesofotherrealestate": 9586000,
        "operatingincomeloss": -41708000,
        "incomelossfromequitymethodinvestments": 3151000,
        "othernonoperatingincomeexpense": -1720000,
        "investmentincomeinterest": 6319000,
        "interestexpense": 20892000,
        "incomelossfromcontinuingoperationsbeforeincometaxesandminorityinterest": 223636000,
        "incometaxexpensebenefit": 19826000,
        "incomelossfromcontinuingoperationsincludingportionattributabletononcontrollinginterest": 239162000,
        "incomelossfromdiscontinuedoperationsnetoftax": 49890000,
        "profitloss": 239162000,
        "netincomelossattributabletononcontrollinginterest": 51163000,
        "netincomeloss": 239162000,
        "incomelossfromcontinuingoperationsperbasicshare": 0.73,
        "incomelossfromdiscontinuedoperationsnetoftaxperbasicshare": 0.02,
        "earningspersharebasic": 0.75,
        "weightedaveragenumberofsharesoutstandingbasic": 318454191,
        "incomelossfromcontinuingoperationsperdilutedshare": 0.72,
        "incomelossfromdiscontinuedoperationsnetoftaxperdilutedshare": 0.02,
        "earningspersharediluted": 0.74,
        "weightedaveragenumberofdilutedsharesoutstanding": 323723755,
        "incomelossfromcontinuingoperations": 233517000,
        "incomelossfromdiscontinuedoperationsnetoftaxattributabletoreportingentity": 5645000,
        "othercomprehensiveincomeforeigncurrencytransactionandtranslationadjustmentbeforetaxperiodincreasedecrease": -23225000,
        "othercomprehensiveincomeunrealizedgainlossonderivativesarisingduringperiodnetoftax": -23623000,
        "othercomprehensiveincomeavailableforsalesecuritiesadjustmentnetoftaxperiodincreasedecrease": 77000,
        "othercomprehensiveincomeminimumpensionliabilitynetadjustmentnetoftax": -19088000,
        "othercomprehensiveincomeothernetoftax": 2022000,
        "othercomprehensiveincomelossnetoftaxperiodincreasedecrease": -64777000,
        "comprehensiveincomenetoftaxincludingportionattributabletononcontrollinginterest": 225548000,
        "comprehensiveincomenetoftaxattributabletononcontrollinginterest": 50223000,
        "comprehensiveincomenetoftax": 175325000,
        "othercomprehensiveincomeunrealizedgainlossonderivativesarisingduringperiodtax": -16278000,
        "othercomprehensiveincomeunrealizedholdinggainlossonsecuritiesarisingduringperiodtax": 42000,
        "othercomprehensiveincomedefinedbenefitplanstax": -6639000
    },
    {
        "date": "2010-12-30",
        "symbol": "CBRE",
        "period": "FY",
        "revenues": 5115316000,
        "costofservices": 2960170000,
        "generalandadministrativeandotheroperatingexpenses": 1607682000,
        "depreciationandamortization": 108381000,
        "costsandexpenses": 4676233000,
        "gainslossesonsalesofotherrealestate": 7296000,
        "operatingincomeloss": 446379000,
        "incomelossfromequitymethodinvestments": 26561000,
        "investmentincomeinterest": 8416000,
        "interestexpense": 191151000,
        "writeoffoffinancingcosts": 18148000,
        "incomelossfromcontinuingoperationsbeforeincometaxesandminorityinterest": 272057000,
        "incometaxexpensebenefit": 130368000,
        "incomelossfromcontinuingoperationsincludingportionattributabletononcontrollinginterest": 141689000,
        "incomelossfromdiscontinuedoperationsnetoftax": 14320000,
        "profitloss": 200345000,
        "netincomelossattributabletononcontrollinginterest": -44336000,
        "netincomeloss": 200345000,
        "incomelossfromcontinuingoperationsperbasicshare": 0.61,
        "incomelossfromdiscontinuedoperationsnetoftaxperbasicshare": 0.03,
        "earningspersharebasic": 0.64,
        "weightedaveragenumberofsharesoutstandingbasic": 313873439,
        "incomelossfromcontinuingoperationsperdilutedshare": 0.6,
        "incomelossfromdiscontinuedoperationsnetoftaxperdilutedshare": 0.03,
        "earningspersharediluted": 0.63,
        "weightedaveragenumberofdilutedsharesoutstanding": 319016887,
        "incomelossfromcontinuingoperations": 191466000,
        "incomelossfromdiscontinuedoperationsnetoftaxattributabletoreportingentity": 8879000,
        "othercomprehensiveincomeforeigncurrencytransactionandtranslationadjustmentbeforetaxperiodincreasedecrease": -423000,
        "othercomprehensiveincomeunrealizedgainlossonderivativesarisingduringperiodnetoftax": 706000,
        "othercomprehensiveincomeavailableforsalesecuritiesadjustmentnetoftaxperiodincreasedecrease": 637000,
        "othercomprehensiveincomeminimumpensionliabilitynetadjustmentnetoftax": 17953000,
        "comprehensiveincomeother": -1602000,
        "othercomprehensiveincomelossnetoftaxperiodincreasedecrease": 20669000,
        "comprehensiveincomenetoftaxincludingportionattributabletononcontrollinginterest": 176678000,
        "comprehensiveincomenetoftaxattributabletononcontrollinginterest": -44142000,
        "comprehensiveincomenetoftax": 220820000,
        "othercomprehensiveincomeunrealizedgainlossonderivativesarisingduringperiodtax": 25000,
        "othercomprehensiveincomeunrealizedholdinggainlossonsecuritiesarisingduringperiodtax": 128000,
        "othercomprehensiveincomedefinedbenefitplanstax": -6800000
    }
]