[
    {
        "date": "2022-12-30",
        "symbol": "COKE",
        "period": "FY",
        "revenuefromcontractwithcustomerexcludingassessedtax": -279759000,
        "costofgoodsandservicessold": 1640000,
        "grossprofit": 2277954000,
        "sellinggeneralandadministrativeexpense": 2805000,
        "operatingincomeloss": 1911000,
        "interestexpense": 24792000,
        "othernonoperatingincomeexpense": -41168000,
        "incomelossfromcontinuingoperationsbeforeincometaxesextraordinaryitemsnoncontrollinginterest": -4445000,
        "incometaxexpensebenefit": 1090000,
        "profitloss": 430158000,
        "netincomeloss": -3355000,
        "earningspersharebasic": 45.93,
        "weightedaveragenumberofsharesoutstandingbasic": 1257000,
        "earningspersharediluted": 45.76,
        "weightedaveragenumberofdilutedsharesoutstanding": 1288000,
        "othercomprehensiveincomelossreclassificationadjustmentfromaocipensionandotherpostretirementbenefitplansfornetgainlossnetoftax": -7742000,
        "othercomprehensiveincomelossamortizationadjustmentfromaocipensionandotherpostretirementbenefitplansfornetpriorservicecostcreditnetoftax": -116000,
        "othercomprehensiveincomelossreclassificationadjustmentfromaociotherpostretirementbenefitplansfornetgainlossnetoftax": 7991000,
        "othercomprehensiveincomelossforeigncurrencytransactionandtranslationadjustmentnetoftax": 9000,
        "othercomprehensiveincomelossnetoftax": 15626000,
        "comprehensiveincomenetoftaxincludingportionattributabletononcontrollinginterest": 445784000,
        "comprehensiveincomenetoftax": 445784000
    },
    {
        "date": "2021-12-30",
        "symbol": "COKE",
        "period": "FY",
        "revenuefromcontractwithcustomerexcludingassessedtax": -236810000,
        "costofgoodsandservicessold": 1837000,
        "grossprofit": 1954187000,
        "sellinggeneralandadministrativeexpense": 4509000,
        "operatingincomeloss": -17542000,
        "interestexpense": 33449000,
        "othernonoperatingincomeexpense": -150573000,
        "incomelossfromcontinuingoperationsbeforeincometaxesextraordinaryitemsnoncontrollinginterest": -6346000,
        "incometaxexpensebenefit": 1571000,
        "profitloss": 189580000,
        "netincomeloss": -4775000,
        "earningspersharebasic": 20.23,
        "weightedaveragenumberofsharesoutstandingbasic": 2232000,
        "earningspersharediluted": 20.16,
        "weightedaveragenumberofdilutedsharesoutstanding": 2259000,
        "othercomprehensiveincomelossreclassificationadjustmentfromaocipensionandotherpostretirementbenefitplansfornetgainlossnetoftax": -14965000,
        "othercomprehensiveincomelossamortizationadjustmentfromaocipensionandotherpostretirementbenefitplansfornetpriorservicecostcreditnetoftax": 3000,
        "othercomprehensiveincomelossreclassificationadjustmentfromaociotherpostretirementbenefitplansfornetgainlossnetoftax": 3089000,
        "othercomprehensiveincomelossderivativeexcludedcomponentincreasedecreaseafteradjustmentsandtax": 556000,
        "othercomprehensiveincomelossforeigncurrencytransactionandtranslationadjustmentnetoftax": -23000,
        "othercomprehensiveincomelossnetoftax": 18590000,
        "comprehensiveincomenetoftaxincludingportionattributabletononcontrollinginterest": 208170000,
        "comprehensiveincomenetoftax": 208170000
    },
    {
        "date": "2020-12-30",
        "symbol": "COKE",
        "period": "FY",
        "revenuefromcontractwithcustomerexcludingassessedtax": 5007357000,
        "costofgoodsandservicessold": 3238448000,
        "grossprofit": 1768909000,
        "sellinggeneralandadministrativeexpense": 1455531000,
        "operatingincomeloss": 313378000,
        "interestexpense": 36735000,
        "othernonoperatingincomeexpense": -35603000,
        "incomelossfromcontinuingoperationsbeforeincometaxesextraordinaryitemsnoncontrollinginterest": 241040000,
        "incometaxexpensebenefit": 58943000,
        "profitloss": 182097000,
        "netincomelossattributabletononcontrollinginterest": 9604000,
        "netincomeloss": 172493000,
        "earningspersharebasic": 18.4,
        "weightedaveragenumberofsharesoutstandingbasic": 7141000,
        "earningspersharediluted": 18.3,
        "weightedaveragenumberofdilutedsharesoutstanding": 9427000,
        "othercomprehensiveincomelossreclassificationadjustmentfromaocipensionandotherpostretirementbenefitplansfornetgainlossnetoftax": 673000,
        "othercomprehensiveincomelossamortizationadjustmentfromaocipensionandotherpostretirementbenefitplansfornetpriorservicecostcreditnetoftax": 15000,
        "othercomprehensiveincomelossreclassificationadjustmentfromaociotherpostretirementbenefitplansfornetgainlossnetoftax": -3137000,
        "othercomprehensiveincomelossderivativeexcludedcomponentincreasedecreaseafteradjustmentsandtax": -286000,
        "othercomprehensiveincomelossforeigncurrencytransactionandtranslationadjustmentnetoftax": 30000,
        "othercomprehensiveincomelossnetoftax": -4051000,
        "comprehensiveincomenetoftaxincludingportionattributabletononcontrollinginterest": 178046000,
        "comprehensiveincomenetoftaxattributabletononcontrollinginterest": 9604000,
        "comprehensiveincomenetoftax": 168442000
    },
    {
        "date": "2019-12-28",
        "symbol": "COKE",
        "period": "FY",
        "revenuefromcontractwithcustomerexcludingassessedtax": 4826549000,
        "costofgoodsandservicessold": 3156047000,
        "grossprofit": 1670502000,
        "sellinggeneralandadministrativeexpense": 1489748000,
        "operatingincomeloss": 180754000,
        "interestexpense": 45990000,
        "othernonoperatingincomeexpense": -100539000,
        "incomelossfromcontinuingoperationsbeforeincometaxesextraordinaryitemsnoncontrollinginterest": 34225000,
        "incometaxexpensebenefit": 15665000,
        "profitloss": 18560000,
        "netincomelossattributabletononcontrollinginterest": 7185000,
        "netincomeloss": 11375000,
        "earningspersharebasic": 1.21,
        "weightedaveragenumberofsharesoutstandingbasic": 7141000,
        "earningspersharediluted": 1.21,
        "weightedaveragenumberofdilutedsharesoutstanding": 9417000,
        "othercomprehensiveincomelossreclassificationadjustmentfromaocipensionandotherpostretirementbenefitplansfornetgainlossnetoftax": 20484000,
        "othercomprehensiveincomelossamortizationadjustmentfromaocipensionandotherpostretirementbenefitplansfornetpriorservicecostcreditnetoftax": 17000,
        "othercomprehensiveincomelossreclassificationadjustmentfromaociotherpostretirementbenefitplansfornetgainlossnetoftax": 3711000,
        "othercomprehensiveincomegainlosspostretirementbenefitplansfornetpriorservicecostscreditnetoftax": -975000,
        "othercomprehensiveincomelossderivativeexcludedcomponentincreasedecreaseafteradjustmentsandtax": -270000,
        "othercomprehensiveincomelossforeigncurrencytransactionandtranslationadjustmentnetoftax": -16000,
        "othercomprehensiveincomelossnetoftax": -18017000,
        "comprehensiveincomenetoftaxincludingportionattributabletononcontrollinginterest": 543000,
        "comprehensiveincomenetoftaxattributabletononcontrollinginterest": 7185000,
        "comprehensiveincomenetoftax": -6642000
    },
    {
        "date": "2018-12-29",
        "symbol": "COKE",
        "period": "FY",
        "revenuefromcontractwithcustomerexcludingassessedtax": -245579000,
        "costofgoodsandservicessold": 893000,
        "grossprofit": 1555712000,
        "sellinggeneralandadministrativeexpense": 2984000,
        "operatingincomeloss": 12383000,
        "interestexpense": 50506000,
        "othernonoperatingincomeexpense": -30853000,
        "disposalgroupnotdiscontinuedoperationgainlossondisposal": 10170000,
        "incomelossfromcontinuingoperationsbeforeincometaxesextraordinaryitemsnoncontrollinginterest": -3877000,
        "incometaxexpensebenefit": -955000,
        "profitloss": 4774000,
        "netincomelossattributabletononcontrollinginterest": 4774000,
        "netincomeloss": -2922000,
        "earningspersharebasic": -2.13,
        "weightedaveragenumberofsharesoutstandingbasic": 2209000,
        "earningspersharediluted": -2.13,
        "weightedaveragenumberofdilutedsharesoutstanding": 2209000,
        "othercomprehensiveincomelossreclassificationadjustmentfromaocipensionandotherpostretirementbenefitplansfornetgainlossnetoftax": -5928000,
        "othercomprehensiveincomelossamortizationadjustmentfromaocipensionandotherpostretirementbenefitplansfornetpriorservicecostcreditnetoftax": 19000,
        "othercomprehensiveincomelossreclassificationadjustmentfromaociotherpostretirementbenefitplansfornetgainlossnetoftax": 12397000,
        "othercomprehensiveincomegainlosspostretirementbenefitplansfornetpriorservicecostscreditnetoftax": -1393000,
        "othercomprehensiveincomelossforeigncurrencytransactionandtranslationadjustmentnetoftax": -14000,
        "othercomprehensiveincomelossnetoftax": 16937000,
        "comprehensiveincomenetoftaxincludingportionattributabletononcontrollinginterest": 1781000,
        "comprehensiveincomenetoftaxattributabletononcontrollinginterest": 4774000,
        "comprehensiveincomenetoftax": -2993000
    },
    {
        "date": "2017-12-30",
        "symbol": "COKE",
        "period": "FY",
        "salesrevenuenet": 712078000,
        "costofgoodssold": 368000,
        "grossprofit": 1540947000,
        "sellinggeneralandadministrativeexpense": 3062000,
        "operatingincomeloss": 11404000,
        "interestexpense": 41869000,
        "othernonoperatingincomeexpense": -4197000,
        "disposalgroupnotdiscontinuedoperationgainlossondisposal": 500000,
        "incomelossfromcontinuingoperationsbeforeincometaxesextraordinaryitemsnoncontrollinginterest": -3430000,
        "incometaxexpensebenefit": 1151000,
        "profitloss": 6312000,
        "netincomelossattributabletononcontrollinginterest": 6312000,
        "netincomeloss": -2279000,
        "earningspersharebasic": 10.35,
        "weightedaveragenumberofsharesoutstandingbasic": 2188000,
        "earningspersharediluted": 10.29,
        "weightedaveragenumberofdilutedsharesoutstanding": 2228000,
        "othercomprehensiveincomelossreclassificationadjustmentfromaocipensionandotherpostretirementbenefitplansfornetgainlossnetoftax": 6225000,
        "othercomprehensiveincomelossamortizationadjustmentfromaocipensionandotherpostretirementbenefitplansfornetpriorservicecostcreditnetoftax": 18000,
        "othercomprehensiveincomelossreclassificationadjustmentfromaociotherpostretirementbenefitplansfornetgainlossnetoftax": 592000,
        "othercomprehensiveincomegainlosspostretirementbenefitplansfornetpriorservicecostscreditnetoftax": -1935000,
        "othercomprehensiveincomelossamortizationadjustmenttodivestiturefromaocipostretirementbenefitplansfornetpriorservicecostcreditnetoftax": 6220000,
        "othercomprehensiveincomelossforeigncurrencytransactionandtranslationadjustmentnetoftax": 25000,
        "othercomprehensiveincomelossnetoftax": -1305000,
        "comprehensiveincomenetoftaxincludingportionattributabletononcontrollinginterest": 101542000,
        "comprehensiveincomenetoftaxattributabletononcontrollinginterest": 6312000,
        "comprehensiveincomenetoftax": 95230000
    },
    {
        "date": "2016-12-31",
        "symbol": "COKE",
        "period": "FY",
        "salesrevenuenet": 499745000,
        "costofgoodssold": 157000,
        "grossprofit": 1215722000,
        "sellinggeneralandadministrativeexpense": 1717000,
        "operatingincomeloss": 4629000,
        "interestexpense": 36325000,
        "othernonoperatingincomeexpense": 1870000,
        "disposalgroupnotdiscontinuedoperationgainlossondisposal": -692000,
        "incomelossfromcontinuingoperationsbeforeincometaxesextraordinaryitemsnoncontrollinginterest": -1874000,
        "incometaxexpensebenefit": 722000,
        "profitloss": 6517000,
        "netincomelossattributabletononcontrollinginterest": 6517000,
        "netincomeloss": -1152000,
        "earningspersharebasic": 5.39,
        "weightedaveragenumberofsharesoutstandingbasic": 2168000,
        "earningspersharediluted": 5.35,
        "weightedaveragenumberofdilutedsharesoutstanding": 2208000,
        "othercomprehensiveincomelossreclassificationadjustmentfromaocipensionandotherpostretirementbenefitplansfornetgainlossnetoftax": 4150000,
        "othercomprehensiveincomelossamortizationadjustmentfromaocipensionandotherpostretirementbenefitplansfornetpriorservicecostcreditnetoftax": 17000,
        "othercomprehensiveincomelossreclassificationadjustmentfromaociotherpostretirementbenefitplansfornetgainlossnetoftax": -4286000,
        "othercomprehensiveincomegainlosspostretirementbenefitplansfornetpriorservicecostscreditnetoftax": -2065000,
        "othercomprehensiveincomelossforeigncurrencytransactionandtranslationadjustmentnetoftax": -6000,
        "othercomprehensiveincomelossnetoftax": -10490000,
        "comprehensiveincomenetoftaxincludingportionattributabletononcontrollinginterest": 46173000,
        "comprehensiveincomenetoftaxattributabletononcontrollinginterest": 6517000,
        "comprehensiveincomenetoftax": 39656000
    },
    {
        "date": "2016-01-02",
        "symbol": "COKE",
        "period": "FY",
        "salesrevenuenet": 404874000,
        "costofgoodssold": 332000,
        "grossprofit": 901032000,
        "sellinggeneralandadministrativeexpense": 2737000,
        "operatingincomeloss": 5223000,
        "interestexpense": 28915000,
        "othernonoperatingincomeexpense": -3576000,
        "disposalgroupnotdiscontinuedoperationgainlossondisposal": 8807000,
        "gainlossonsaleofbusiness": 22651000,
        "businesscombinationbargainpurchasegainrecognizedamount": 2011000,
        "incomelossfromcontinuingoperationsbeforeincometaxesextraordinaryitemsnoncontrollinginterest": 3069000,
        "incometaxexpensebenefit": 1180000,
        "profitloss": 6042000,
        "netincomelossattributabletononcontrollinginterest": 6042000,
        "netincomeloss": 1889000,
        "earningspersharebasic": 6.35,
        "weightedaveragenumberofsharesoutstandingbasic": 2147000,
        "earningspersharediluted": 6.31,
        "weightedaveragenumberofdilutedsharesoutstanding": 2187000,
        "businesscombinationbargainpurchasegainrecognizedtaxamount": 1265000,
        "othercomprehensiveincomelossforeigncurrencytransactionandtranslationadjustmentnetoftax": -4000,
        "othercomprehensiveincomelossdefinedbenefitplansnetgainlossrecognizedinnetperiodicbenefitcostnetoftax": 6624000,
        "othercomprehensiveincomelossamortizationadjustmentfromaocipensionandotherpostretirementbenefitplansfornetpriorservicecostcreditnetoftax": 21000,
        "othercomprehensiveincomelosspostretirementbenefitplansnetgainlossrecognizedinnetperiodicbenefitscostsnetoftax": 2934000,
        "othercomprehensiveincomegainlosspostretirementbenefitplansfornetpriorservicecostscreditnetoftax": -2068000,
        "othercomprehensiveincomelossnetoftax": 7507000,
        "comprehensiveincomenetoftaxincludingportionattributabletononcontrollinginterest": 72551000,
        "comprehensiveincomenetoftaxattributabletononcontrollinginterest": 6042000,
        "comprehensiveincomenetoftax": 66509000
    },
    {
        "date": "2014-12-27",
        "symbol": "COKE",
        "period": "FY",
        "salesrevenuenet": 180083000,
        "costofgoodssold": 1041130000,
        "grossprofit": 705239000,
        "sellinggeneralandadministrativeexpense": 619272000,
        "operatingincomeloss": 3400000,
        "interestexpense": 29272000,
        "othernonoperatingincomeexpense": -1077000,
        "incomelossfromcontinuingoperationsbeforeincometaxesextraordinaryitemsnoncontrollinginterest": 55618000,
        "incometaxexpensebenefit": 19536000,
        "profitloss": 31354000,
        "netincomelossattributabletononcontrollinginterest": 4728000,
        "netincomeloss": 31354000,
        "earningspersharebasic": 3.38,
        "weightedaveragenumberofsharesoutstandingbasic": 2126000,
        "earningspersharediluted": 3.35,
        "weightedaveragenumberofdilutedsharesoutstanding": 2166000,
        "othercomprehensiveincomelossforeigncurrencytransactionandtranslationadjustmentnetoftax": -5000,
        "othercomprehensiveincomelossdefinedbenefitplansnetgainlossrecognizedinnetperiodicbenefitcostnetoftax": 31839000,
        "othercomprehensiveincomelossamortizationadjustmentfromaocipensionandotherpostretirementbenefitplansfornetpriorservicecostcreditnetoftax": 22000,
        "othercomprehensiveincomelosspostretirementbenefitplansnetgainlossrecognizedinnetperiodicbenefitcostnetoftax": -4318000,
        "othercomprehensiveincomegainlosspostretirementbenefitplansfornetpriorservicecostscreditnetoftax": 4402000,
        "othercomprehensiveincomelossnetoftax": -31738000,
        "comprehensiveincomenetoftaxincludingportionattributabletononcontrollinginterest": 4344000,
        "comprehensiveincomenetoftaxattributabletononcontrollinginterest": 4728000,
        "comprehensiveincomenetoftax": -384000
    },
    {
        "date": "2013-12-28",
        "symbol": "COKE",
        "period": "FY",
        "salesrevenuenet": 247561000,
        "costofgoodssold": 982691000,
        "grossprofit": 658640000,
        "sellinggeneralandadministrativeexpense": 584993000,
        "operatingincomeloss": 73647000,
        "interestexpense": 29403000,
        "incomelossfromcontinuingoperationsbeforeincometaxesextraordinaryitemsnoncontrollinginterest": 44244000,
        "incometaxexpensebenefit": 12142000,
        "profitloss": 27675000,
        "netincomelossattributabletononcontrollinginterest": 4427000,
        "netincomeloss": 27675000,
        "earningspersharebasic": 2.99,
        "weightedaveragenumberofsharesoutstandingbasic": 2105000,
        "earningspersharediluted": 2.97,
        "weightedaveragenumberofdilutedsharesoutstanding": 2145000,
        "othercomprehensiveincomelossforeigncurrencytransactionandtranslationadjustmentnetoftax": -1000,
        "othercomprehensiveincomedefinedbenefitplansnetgainlossrecognizedinnetperiodicbenefitcostnetoftax": 33379000,
        "othercomprehensiveincomelossamortizationadjustmentfromaocipensionandotherpostretirementbenefitplansfornetpriorservicecostcreditnetoftax": -88000,
        "othercomprehensiveincomepostretirementbenefitplansnetgainlossrecognizedinnetperiodicbenefitcostnetoftax": 3984000,
        "othercomprehensiveincomelossamortizationadjustmentfromaociotherpostretirementbenefitplansfornetpriorservicecostcreditnetoftax": -924000,
        "othercomprehensiveincomelossnetoftax": 36350000,
        "comprehensiveincomenetoftaxincludingportionattributabletononcontrollinginterest": 68452000,
        "comprehensiveincomenetoftaxattributabletononcontrollinginterest": 4427000,
        "comprehensiveincomenetoftax": 64025000
    },
    {
        "date": "2012-12-29",
        "symbol": "COKE",
        "period": "FY",
        "salesrevenuenet": 152401000,
        "costofgoodssold": 960124000,
        "grossprofit": 654309000,
        "sellinggeneralandadministrativeexpense": 565623000,
        "operatingincomeloss": 88686000,
        "interestexpense": 35338000,
        "incomelossfromcontinuingoperationsbeforeincometaxesextraordinaryitemsnoncontrollinginterest": 53348000,
        "incometaxexpensebenefit": 21889000,
        "profitloss": 27217000,
        "netincomelossattributabletononcontrollinginterest": 4242000,
        "netincomeloss": 27217000,
        "earningspersharebasic": 2.95,
        "weightedaveragenumberofsharesoutstandingbasic": 7141000,
        "earningspersharediluted": 2.94,
        "weightedaveragenumberofdilutedsharesoutstanding": 9266000,
        "othercomprehensiveincomelossforeigncurrencytransactionandtranslationadjustmentnetoftax": -1000,
        "othercomprehensiveincomeofdefinedbenefitplansnetgainlossrecognizedinnetperiodicbenefitcostnetoftax": -11618000,
        "othercomprehensiveincomelossamortizationpensionandotherpostretirementbenefitplansnetpriorservicecostrecognizedinnetperiodicpensioncostnetoftax": -11000,
        "othercomprehensiveincomepostretirementbenefitplansnetgainlossrecognizedinnetperiodicbenefitcostnetoftax": -1181000,
        "othercomprehensiveincomelossamortizationofotherpostretirementbenefitplansnetpriorservicecostrecognizedinnetperiodicpostretirementcostnetoftax": -917000,
        "othercomprehensiveincomelossnetoftax": -13706000,
        "comprehensiveincomenetoftaxincludingportionattributabletononcontrollinginterest": 17753000,
        "comprehensiveincomenetoftaxattributabletononcontrollinginterest": 4242000,
        "comprehensiveincomenetoftax": 13511000
    },
    {
        "date": "2011-12-31",
        "symbol": "COKE",
        "period": "FY",
        "salesrevenuenet": 1561239000,
        "costofgoodssold": 931996000,
        "grossprofit": 629243000,
        "sellinggeneralandadministrativeexpense": 541713000,
        "operatingincomeloss": 87530000,
        "interestexpense": 35979000,
        "incomelossfromcontinuingoperationsbeforeincometaxesminorityinterestandincomelossfromequitymethodinvestments": 51551000,
        "incometaxexpensebenefit": 19528000,
        "profitloss": 28608000,
        "netincomelossattributabletononcontrollinginterest": 3415000,
        "netincomeloss": 28608000,
        "earningspersharebasic": 3.11,
        "weightedaveragenumberofsharesoutstandingbasic": 7141000,
        "earningspersharediluted": 3.09,
        "weightedaveragenumberofdilutedsharesoutstanding": 9244000
    }
]