[
    {
        "date": "2022-12-30",
        "symbol": "EOG",
        "period": "FY",
        "revenuefromcontractwithcustomerincludingassessedtax": 16367000000,
        "gainlossondispositionofassets1": 74000000,
        "revenuenotfromcontractwithcustomer": -3982000000,
        "revenues": 25702000000,
        "operatingleaseexpense": 1331000000,
        "resultsofoperationstransportationcosts": 966000000,
        "gatheringandprocessingcosts": 621000000,
        "explorationexpense": 159000000,
        "resultsofoperationsdryholecosts": 45000000,
        "impairmentofoilandgasproperties": 382000000,
        "marketingcosts": 6535000000,
        "depreciationdepletionandamortization": 3542000000,
        "generalandadministrativeexpense": 570000000,
        "taxesotherthanincome": 1585000000,
        "costsandexpenses": 15736000000,
        "operatingincomeloss": 9966000000,
        "othernonoperatingincomeexpense": 114000000,
        "incomebeforeinterestexpenseandincometaxes": 10080000000,
        "interestcostsincurred": 215000000,
        "interestcostscapitalizedadjustment": 36000000,
        "interestexpense": 179000000,
        "incomelossfromcontinuingoperationsbeforeincometaxesextraordinaryitemsnoncontrollinginterest": 9901000000,
        "incometaxexpensebenefit": 2142000000,
        "netincomeloss": 7759000000,
        "earningspersharebasic": 13.31,
        "earningspersharediluted": 13.22,
        "weightedaveragenumberofsharesoutstandingbasic": 583000000,
        "weightedaveragenumberofdilutedsharesoutstanding": 587000000,
        "othercomprehensiveincomelossforeigncurrencytransactionandtranslationadjustmentnetoftax": 4000000,
        "othercomprehensiveincomelossnetoftax": 4000000,
        "comprehensiveincomenetoftaxincludingportionattributabletononcontrollinginterest": 7763000000
    },
    {
        "date": "2021-12-30",
        "symbol": "EOG",
        "period": "FY",
        "revenuefromcontractwithcustomerincludingassessedtax": 11125000000,
        "revenues": 18642000000,
        "operatingleaseexpense": 1135000000,
        "resultsofoperationstransportationcosts": 863000000,
        "gatheringandprocessingcosts": 559000000,
        "explorationexpense": 154000000,
        "resultsofoperationsdryholecosts": 71000000,
        "impairmentofoilandgasproperties": 376000000,
        "marketingcosts": 4173000000,
        "depreciationdepletionandamortization": 3651000000,
        "generalandadministrativeexpense": 511000000,
        "taxesotherthanincome": 1047000000,
        "costsandexpenses": 12540000000,
        "operatingincomeloss": 6102000000,
        "othernonoperatingincomeexpense": 9000000,
        "incomebeforeinterestexpenseandincometaxes": 6111000000,
        "interestcostsincurred": 211000000,
        "interestcostscapitalizedadjustment": 33000000,
        "interestexpense": 178000000,
        "incomelossfromcontinuingoperationsbeforeincometaxesextraordinaryitemsnoncontrollinginterest": 5933000000,
        "incometaxexpensebenefit": 1269000000,
        "netincomeloss": 4664000000,
        "earningspersharebasic": 8.03,
        "earningspersharediluted": 7.99,
        "weightedaveragenumberofsharesoutstandingbasic": 581000000,
        "weightedaveragenumberofdilutedsharesoutstanding": 584000000,
        "othercomprehensiveincomelossforeigncurrencytransactionandtranslationadjustmentnetoftax": -1000000,
        "othercomprehensiveincomeothernetoftax": 1000000,
        "othercomprehensiveincomelossnetoftax": -1000000,
        "comprehensiveincomenetoftaxincludingportionattributabletononcontrollinginterest": 4664000000
    },
    {
        "date": "2020-12-30",
        "symbol": "EOG",
        "period": "FY",
        "revenuefromcontractwithcustomerincludingassessedtax": 5785609000,
        "revenues": 11032048000,
        "netincomeloss": -604572000,
        "earningspersharediluted": -1.04,
        "earningspersharebasic": -1.04,
        "weightedaveragenumberofsharesoutstandingbasic": 578949000,
        "weightedaveragenumberofdilutedsharesoutstanding": 578949000,
        "comprehensiveincomenetoftaxincludingportionattributabletononcontrollinginterest": -612248000,
        "othercomprehensiveincomelossnetoftax": -7676000,
        "accountsreceivablenetcurrent": 1337000000,
        "othercomprehensiveincomeothernetoftax": -330000,
        "othercomprehensiveincomelossforeigncurrencytransactionandtranslationadjustmentnetoftax": -7346000,
        "operatingleaseexpense": 1063374000,
        "resultsofoperationstransportationcosts": 734989000,
        "gatheringandprocessingcosts": 459211000,
        "explorationexpense": 145788000,
        "resultsofoperationsdryholecosts": 13083000,
        "impairmentofoilandgasproperties": 2099780000,
        "marketingcosts": 2697729000,
        "depreciationdepletionandamortization": 3400353000,
        "generalandadministrativeexpense": 483823000,
        "taxesotherthanincome": 477934000,
        "costsandexpenses": 11576064000,
        "operatingincomeloss": -544016000,
        "othernonoperatingincomeexpense": 10228000,
        "incomebeforeinterestexpenseandincometaxes": -533788000,
        "interestexpensedebt": 236154000,
        "interestcostscapitalized": 30888000,
        "interestexpense": 205266000,
        "incomelossfromcontinuingoperationsbeforeincometaxesextraordinaryitemsnoncontrollinginterest": -739054000,
        "incometaxexpensebenefit": -134482000
    },
    {
        "date": "2019-12-30",
        "symbol": "EOG",
        "period": "FY",
        "revenuefromcontractwithcustomerincludingassessedtax": 9612532000,
        "revenues": 17379973000,
        "operatingleaseexpense": 1366993000,
        "resultsofoperationstransportationcosts": 758300000,
        "gatheringandprocessingcosts": 479102000,
        "explorationexpense": 139881000,
        "resultsofoperationsdryholecosts": 28001000,
        "impairmentofoilandgasproperties": 517896000,
        "marketingcosts": 5351524000,
        "depreciationdepletionandamortization": 3749704000,
        "generalandadministrativeexpense": 489397000,
        "taxesotherthanincome": 800164000,
        "costsandexpenses": 13680962000,
        "operatingincomeloss": 3699011000,
        "othernonoperatingincomeexpense": 31385000,
        "incomebeforeinterestexpenseandincometaxes": 3730396000,
        "interestexpensedebt": 223421000,
        "interestcostscapitalized": 38292000,
        "interestexpense": 185129000,
        "incomelossfromcontinuingoperationsbeforeincometaxesextraordinaryitemsnoncontrollinginterest": 3545267000,
        "incometaxexpensebenefit": 810357000,
        "netincomeloss": 2734910000,
        "earningspersharebasic": 4.73,
        "earningspersharediluted": 4.71,
        "weightedaveragenumberofsharesoutstandingbasic": 577670000,
        "weightedaveragenumberofdilutedsharesoutstanding": 580777000,
        "othercomprehensiveincomelossforeigncurrencytransactionandtranslationadjustmentnetoftax": -2883000,
        "othercomprehensiveincomeothernetoftax": -678000,
        "othercomprehensiveincomelossnetoftax": -3561000,
        "comprehensiveincomenetoftaxincludingportionattributabletononcontrollinginterest": 2731349000
    },
    {
        "date": "2018-12-30",
        "symbol": "EOG",
        "period": "FY",
        "revenuefromcontractwithcustomerincludingassessedtax": 110137000,
        "revenues": 170948000,
        "operatingleaseexpense": 1282678000,
        "resultsofoperationstransportationcosts": 848000,
        "gatheringandprocessingcosts": 233258000,
        "explorationexpense": 148999000,
        "resultsofoperationsdryholecosts": 422000,
        "impairmentofoilandgasproperties": 347021000,
        "marketingcosts": 5184024000,
        "depreciationdepletionandamortization": 46938000,
        "generalandadministrativeexpense": 426969000,
        "taxesotherthanincome": 772481000,
        "costsandexpenses": 12583119000,
        "operatingincomeloss": -12258000,
        "othernonoperatingincomeexpense": 16704000,
        "incomebeforeinterestexpenseandincometaxes": 4486050000,
        "interestexpensedebt": 269549000,
        "interestcostscapitalized": 24497000,
        "interestexpense": -8300000,
        "incomelossfromcontinuingoperationsbeforeincometaxesextraordinaryitemsnoncontrollinginterest": -10208000,
        "incometaxexpensebenefit": 1700000,
        "netincomeloss": 3419040000,
        "earningspersharebasic": 5.93,
        "earningspersharediluted": 5.89,
        "weightedaveragenumberofsharesoutstandingbasic": 576578000,
        "weightedaveragenumberofdilutedsharesoutstanding": 580441000,
        "othercomprehensiveincomelossforeigncurrencytransactionandtranslationadjustmentnetoftax": 16816000,
        "othercomprehensiveincomeothernetoftax": 1123000,
        "othercomprehensiveincomelossnetoftax": 16816000,
        "comprehensiveincomenetoftaxincludingportionattributabletononcontrollinginterest": 3436979000
    },
    {
        "date": "2017-12-30",
        "symbol": "EOG",
        "period": "FY",
        "oilandcondensaterevenue": 17113000,
        "naturalgasliquids": 16000,
        "naturalgasproductionrevenue": 35321000,
        "unrealizedgainlossonderivativesandcommoditycontracts": 19828000,
        "gasgatheringtransportationmarketingandprocessingrevenue": 3298098000,
        "gainlossondispositionofassets1": -99000000,
        "resultsofoperationsrevenueother": -59000,
        "revenues": 51536000,
        "operatingleaseexpense": 1044847000,
        "resultsofoperationstransportationcosts": 1064000,
        "gatheringandprocessingcosts": 148775000,
        "explorationexpense": 145342000,
        "resultsofoperationsdryholecosts": 4518000,
        "impairmentofoilandgasproperties": 479240000,
        "marketingcosts": 3330237000,
        "depreciationdepletionandamortization": 24870000,
        "generalandadministrativeexpense": 434467000,
        "taxesotherthanincome": 544662000,
        "costsandexpenses": 10281918000,
        "operatingincomeloss": -108179000,
        "othernonoperatingincomeexpense": 9152000,
        "incomebeforeinterestexpenseandincometaxes": 935554000,
        "interestexpensedebt": 301801000,
        "interestcostscapitalized": 27429000,
        "interestexpense": -29569000,
        "incomelossfromcontinuingoperationsbeforeincometaxesextraordinaryitemsnoncontrollinginterest": -68560000,
        "incometaxexpensebenefit": 4148000,
        "netincomeloss": 2582579000,
        "earningspersharebasic": 4.49,
        "earningspersharediluted": 4.46,
        "commonstockdividendspersharedeclared": 0.67,
        "weightedaveragenumberofsharesoutstandingbasic": 574620000,
        "weightedaveragenumberofdilutedsharesoutstanding": 578693000,
        "othercomprehensiveincomelossforeigncurrencytransactionandtranslationadjustmentnetoftax": 2799000,
        "othercomprehensiveincomeothernetoftax": -3086000,
        "othercomprehensiveincomelossnetoftax": 2799000,
        "comprehensiveincomenetoftaxincludingportionattributabletononcontrollinginterest": 2582292000
    },
    {
        "date": "2016-12-30",
        "symbol": "EOG",
        "period": "FY",
        "oilandcondensaterevenue": 4317341000,
        "naturalgasliquids": 12000,
        "naturalgasproductionrevenue": 32329000,
        "unrealizedgainlossonderivativesandcommoditycontracts": -99608000,
        "gatheringprocessingandmarketing": 1967390000,
        "gainslossesonsalesofassets": 9937000,
        "othernet": 25000,
        "revenues": 85008000,
        "leaseandwell": 927452000,
        "transportationcosts": 764106000,
        "gatheringandprocessingcosts": 122901000,
        "explorationexpense": 124953000,
        "resultsofoperationsdryholecosts": 128000,
        "impairmentofoilandgasproperties": 620267000,
        "marketingcosts": 2007635000,
        "depreciationdepletionandamortization": 42436000,
        "generalandadministrativeexpense": 394815000,
        "taxesotherthanincome": 349710000,
        "costsandexpenses": 8875913000,
        "operatingincomeloss": -79416000,
        "othernonoperatingincomeexpense": -50543000,
        "incomebeforeinterestexpenseandincometaxes": -1275824000,
        "interestexpensedebt": 313341000,
        "interestcostscapitalized": 31660000,
        "interestexpense": 281681000,
        "incomebeforeincometaxes": -101769000,
        "incometaxexpensebenefit": -8920000,
        "netincomeloss": -1096686000,
        "earningspersharebasic": -1.98,
        "earningspersharediluted": -1.98,
        "commonstockdividendspersharedeclared": 0.67,
        "weightedaveragenumberofsharesoutstandingbasic": 553384000,
        "weightedaveragenumberofdilutedsharesoutstanding": 553384000,
        "netincomelossrelatingtocomprehensiveincome": -1096686000,
        "othercomprehensiveincomelossforeigncurrencytransactionandtranslationadjustmentnetoftax": 12097000,
        "other": 2231000,
        "othercomprehensiveincomelossnetoftax": 14328000,
        "comprehensiveincomenetoftaxincludingportionattributabletononcontrollinginterest": -1082358000
    },
    {
        "date": "2015-12-30",
        "symbol": "EOG",
        "period": "FY",
        "oilandcondensaterevenue": 4934562000,
        "naturalgasliquids": 88000,
        "naturalgasproductionrevenue": 54947000,
        "unrealizedgainlossonderivativesandcommoditycontracts": 61924000,
        "gatheringprocessingandmarketing": 2254477000,
        "gainslossesonsalesofassets": 2985000,
        "othernet": 448000,
        "revenues": 62177000,
        "leaseandwell": 1182282000,
        "transportationcosts": 849319000,
        "gatheringandprocessingcosts": 146156000,
        "explorationexpense": 149494000,
        "resultsofoperationsdryholecosts": 8155000,
        "impairmentofoilandgasproperties": 6613546000,
        "marketingcosts": 2385982000,
        "depreciationdepletionandamortization": 18928000,
        "generalandadministrativeexpense": 366594000,
        "taxesotherthanincome": 421744000,
        "costsandexpenses": 15443507000,
        "operatingincomeloss": -295455000,
        "othernonoperatingincomeexpense": 1916000,
        "incomebeforeinterestexpenseandincometaxes": -6684163000,
        "interestexpensedebt": 279234000,
        "interestcostscapitalized": -41841000,
        "interestexpense": 237393000,
        "incomebeforeincometaxes": -272469000,
        "incometaxexpensebenefit": 2670000,
        "netincomeloss": -4524515000,
        "earningspersharebasic": -8.29,
        "earningspersharediluted": -8.29,
        "commonstockdividendspersharedeclared": 0.67,
        "weightedaveragenumberofsharesoutstandingbasic": 545697000,
        "weightedaveragenumberofdilutedsharesoutstanding": 545697000,
        "netincomelossrelatingtocomprehensiveincome": -4524515000,
        "othercomprehensiveincomelossforeigncurrencytransactionandtranslationadjustmentnetoftax": -11517000,
        "other": 1235000,
        "othercomprehensiveincomelossnetoftax": -10282000,
        "comprehensiveincomenetoftaxincludingportionattributabletononcontrollinginterest": -4534797000
    },
    {
        "date": "2014-12-30",
        "symbol": "EOG",
        "period": "FY",
        "oilandcondensaterevenue": 9742480000,
        "naturalgasliquids": 924454000,
        "naturalgasproductionrevenue": 15866000,
        "unrealizedgainlossonderivativesandcommoditycontracts": 834273000,
        "gatheringprocessingandmarketing": 4040024000,
        "gainslossesonsalesofassets": 96339000,
        "othernet": 49950000,
        "revenues": 18173000,
        "leaseandwell": 1416413000,
        "transportationcosts": 972176000,
        "gatheringandprocessingcosts": 145800000,
        "explorationexpense": 184388000,
        "resultsofoperationsdryholecosts": 23082000,
        "impairmentofoilandgasproperties": 743575000,
        "marketingcosts": 4126060000,
        "depreciationdepletionandamortization": 18232000,
        "generalandadministrativeexpense": 402010000,
        "taxesotherthanincome": 757564000,
        "costsandexpenses": 12793517000,
        "operatingincomeloss": -470673000,
        "othernonoperatingincomeexpense": -45050000,
        "incomebeforeinterestexpenseandincometaxes": 5196773000,
        "interestexpensedebt": 258628000,
        "interestcostscapitalized": -57170000,
        "interestexpense": 201458000,
        "incomebeforeincometaxes": -444685000,
        "incometaxexpensebenefit": 63277000,
        "netincomeloss": 2915487000,
        "earningspersharebasic": 5.36,
        "earningspersharediluted": 5.32,
        "commonstockdividendspersharedeclared": 0.585,
        "weightedaveragenumberofsharesoutstandingbasic": 543443000,
        "weightedaveragenumberofdilutedsharesoutstanding": 548539000,
        "netincomelossrelatingtocomprehensiveincome": 2915487000,
        "othercomprehensiveincomelossforeigncurrencytransactionandtranslationadjustmentnetoftax": -437728000,
        "foreigncurrencyswaptransaction": 50000,
        "incometaxrelatedtoforeigncurrencyswaptransaction": -670000,
        "interestswaptransactions": 777000,
        "incometaxrelatedtointerestswaptransactions": -281000,
        "other": -1038000,
        "othercomprehensiveincomelossnetoftax": 496000,
        "comprehensiveincomenetoftaxincludingportionattributabletononcontrollinginterest": 2476597000
    },
    {
        "date": "2013-12-30",
        "symbol": "EOG",
        "period": "FY",
        "oilandcondensaterevenue": 8300647000,
        "naturalgasliquids": 12435000,
        "naturalgasproductionrevenue": 17672000,
        "unrealizedgainlossonderivativesandcommoditycontracts": -166349000,
        "gatheringprocessingandmarketing": 3636209000,
        "gainslossesonsalesofassets": 1119000,
        "othernet": 4770000,
        "revenues": 20583000,
        "leaseandwell": 1105978000,
        "transportationcosts": 853044000,
        "gatheringandprocessingcosts": 107871000,
        "explorationexpense": 161346000,
        "resultsofoperationsdryholecosts": 46322000,
        "impairmentofoilandgasproperties": 286941000,
        "marketingcosts": 3648840000,
        "depreciationdepletionandamortization": 14554000,
        "generalandadministrativeexpense": 348312000,
        "taxesotherthanincome": 623944000,
        "costsandexpenses": 10811907000,
        "operatingincomeloss": -89745000,
        "othernonoperatingincomeexpense": -2865000,
        "incomebeforeinterestexpenseandincometaxes": 3672346000,
        "interestexpensedebt": 284599000,
        "interestcostscapitalized": -49139000,
        "interestexpense": 235460000,
        "incomebeforeincometaxes": -42180000,
        "incometaxexpensebenefit": -40419000,
        "netincomeloss": 2197109000,
        "earningspersharebasic": 8.13,
        "earningspersharediluted": 8.04,
        "commonstockdividendspersharedeclared": 0.75,
        "weightedaveragenumberofsharesoutstandingbasic": 270170000,
        "weightedaveragenumberofdilutedsharesoutstanding": 273114000,
        "netincomelossrelatingtocomprehensiveincome": 2197109000,
        "othercomprehensiveincomelossforeigncurrencytransactionandtranslationadjustmentnetoftax": -29395000,
        "foreigncurrencyswaptransaction": 1652000,
        "incometaxrelatedtoforeigncurrencyswaptransaction": 1000,
        "interestswaptransactions": 2737000,
        "incometaxrelatedtointerestswaptransactions": -981000,
        "other": 1925000,
        "othercomprehensiveincomelossnetoftax": -24061000,
        "comprehensiveincomenetoftaxincludingportionattributabletononcontrollinginterest": 2173048000
    },
    {
        "date": "2012-12-30",
        "symbol": "EOG",
        "period": "FY",
        "oilandcondensaterevenue": 5659437000,
        "naturalgasliquids": 13680000,
        "naturalgasproductionrevenue": 19616000,
        "unrealizedgainlossonderivativesandcommoditycontracts": 393744000,
        "gatheringprocessingandmarketing": 5413000,
        "gainslossesonsalesofassets": 26459000,
        "othernet": 15000,
        "revenues": 23177000,
        "leaseandwell": 1000052000,
        "transportationcosts": 601431000,
        "gatheringandprocessingcosts": 97945000,
        "explorationexpense": 185569000,
        "resultsofoperationsdryholecosts": 11628000,
        "impairmentofoilandgasproperties": 1270735000,
        "marketingcosts": 3035494000,
        "depreciationdepletionandamortization": 18389000,
        "generalandadministrativeexpense": 331545000,
        "taxesotherthanincome": 495395000,
        "costsandexpenses": 10202839000,
        "operatingincomeloss": 2233911000,
        "othernonoperatingincomeexpense": 9000000,
        "incomebeforeinterestexpenseandincometaxes": 1494292000,
        "interestexpensedebt": 263254000,
        "interestcostscapitalized": -49702000,
        "interestexpense": 213552000,
        "incomebeforeincometaxes": -18577000,
        "incometaxexpensebenefit": -2663000,
        "netincomeloss": 570279000,
        "earningspersharebasic": 2.13,
        "earningspersharediluted": 2.11,
        "commonstockdividendspersharedeclared": 0.68,
        "weightedaveragenumberofsharesoutstandingbasic": 267577000,
        "weightedaveragenumberofdilutedsharesoutstanding": 270762000,
        "netincomelossrelatingtocomprehensiveincome": 570279000,
        "othercomprehensiveincomelossforeigncurrencytransactionandtranslationadjustmentnetoftax": 37739000,
        "foreigncurrencyswaptransaction": 1589000,
        "incometaxrelatedtoforeigncurrencyswaptransaction": -404000,
        "interestswaptransactions": -134000,
        "incometaxrelatedtointerestswaptransactions": 48000,
        "other": -689000,
        "othercomprehensiveincomelossnetoftax": 38149000,
        "comprehensiveincomenetoftaxincludingportionattributabletononcontrollinginterest": 608428000
    },
    {
        "date": "2010-12-30",
        "symbol": "EOG",
        "period": "FY",
        "crudeoilcondensateandnaturalgas": 1998771000,
        "naturalgasliquids": 13698000,
        "naturalgasproductionrevenue": 25660000,
        "unrealizedgainlossonderivativesandcommoditycontracts": 61912000,
        "gatheringprocessingandmarketing": 20000,
        "gainslossesonsalesofassets": 3652000,
        "othernet": 3696000,
        "revenues": 27707000,
        "leaseandwell": 698430000,
        "transportationcosts": 385189000,
        "gatheringandprocessingcosts": 66758000,
        "explorationexpense": 187381000,
        "resultsofoperationsdryholecosts": 72486000,
        "impairmentofoilandgasproperties": 742647000,
        "marketingcosts": 884212000,
        "depreciationdepletionandamortization": 15752000,
        "generalandadministrativeexpense": 280474000,
        "taxesotherthanincome": 317074000,
        "costsandexpenses": 5576577000,
        "operatingincomeloss": -59357000,
        "othernonoperatingincomeexpense": -4000000,
        "incomebeforeinterestexpenseandincometaxes": 537562000,
        "interestexpensedebt": 205886000,
        "interestcostscapitalized": -76300000,
        "interestexpensenet": -17438000,
        "incomebeforeincometaxes": -40519000,
        "incometaxexpensebenefit": -3062000,
        "netincomeloss": 160654000,
        "netincomelossavailabletocommonstockholdersbasic": 160654000,
        "earningspersharebasic": 0.64,
        "earningspersharediluted": 0.63,
        "commonstockdividendspersharedeclared": 0.62,
        "weightedaveragenumberofsharesoutstandingbasic": 250876000,
        "weightedaveragenumberofdilutedsharesoutstanding": 254500000,
        "netincomelossrelatingtocomprehensiveincome": 160654000,
        "othercomprehensiveincomeforeigncurrencytransactionandtranslationadjustmentnetoftaxperiodincreasedecrease": 96179000,
        "foreigncurrencyswaptransaction": 4447000,
        "othercomprehensiveincomedefinedbenefitplansadjustmentbeforetaxportionattributabletoparent": -258000,
        "othercomprehensiveincomedefinedbenefitplanstax": 7000,
        "interestswaptransactions": 1843000,
        "incometaxrelatedtointerestswaptransactions": -664000,
        "othercomprehensiveincomelossnetoftaxperiodincreasedecrease": 261005000
    },
    {
        "date": "2009-12-30",
        "symbol": "EOG",
        "period": "FY",
        "naturalgasproductionrevenue": 2050963000,
        "crudeoilcondensateandnaturalgas": 1348510000,
        "unrealizedgainlossonderivativesandcommoditycontracts": 431757000,
        "gatheringprocessingandmarketing": 407116000,
        "gainslossesonsalesofassets": 535436000,
        "othernet": 13177000,
        "revenues": 4786959000,
        "leaseandwell": 579290000,
        "transportationcosts": 283329000,
        "gatheringandprocessingcosts": 57632000,
        "explorationexpense": 169592000,
        "resultsofoperationsdryholecosts": 51243000,
        "impairmentofoilandgasproperties": 305832000,
        "marketingcosts": 397375000,
        "depreciationdepletionandamortization": 1549188000,
        "generalandadministrativeexpense": 248274000,
        "taxesotherthanincome": 174363000,
        "costsandexpenses": 3816118000,
        "operatingincomeloss": 970841000,
        "othernonoperatingincomeexpense": 2071000,
        "incomebeforeinterestexpenseandincometaxes": 972912000,
        "interestexpensedebt": 155820000,
        "interestcostscapitalized": -54919000,
        "interestexpensenet": 100901000,
        "incomebeforeincometaxes": 872011000,
        "incometaxexpensebenefit": 325384000,
        "netincomeloss": 546627000,
        "netincomelossavailabletocommonstockholdersbasic": 546627000,
        "earningspersharebasic": 2.2,
        "earningspersharediluted": 2.17,
        "commonstockdividendspersharedeclared": 0.58,
        "weightedaveragenumberofsharesoutstandingbasic": 248996000,
        "weightedaveragenumberofdilutedsharesoutstanding": 251884000,
        "netincomelossrelatingtocomprehensiveincome": 546627000,
        "othercomprehensiveincomeforeigncurrencytransactionandtranslationadjustmentnetoftaxperiodincreasedecrease": 308286000,
        "foreigncurrencyswaptransactions": 6336000,
        "incometaxrelatedtoforeigncurrencyswaptransactions": -1519000,
        "othercomprehensiveincomedefinedbenefitplansadjustmentbeforetaxportionattributabletoparent": 1469000,
        "othercomprehensiveincomedefinedbenefitplanstax": 299000,
        "othercomprehensiveincomelossnetoftaxperiodincreasedecrease": 858560000
    }
]