[
    {
        "date": "2022-12-31",
        "symbol": "GOOG",
        "period": "FY",
        "revenuefromcontractwithcustomerexcludingassessedtax": 282836000000,
        "costofrevenue": 126203000000,
        "researchanddevelopmentexpense": 39500000000,
        "sellingandmarketingexpense": 26567000000,
        "generalandadministrativeexpense": 15724000000,
        "costsandexpenses": 207994000000,
        "operatingincomeloss": 74842000000,
        "nonoperatingincomeexpense": -3514000000,
        "incomelossfromcontinuingoperationsbeforeincometaxesextraordinaryitemsnoncontrollinginterest": 71328000000,
        "incometaxexpensebenefit": 11356000000,
        "netincomeloss": 59972000000,
        "earningspersharebasic": 4.59,
        "earningspersharediluted": 4.56,
        "othercomprehensiveincomelossforeigncurrencytransactionandtranslationadjustmentnetoftax": -1836000000,
        "othercomprehensiveincomeunrealizedholdinggainlossonsecuritiesarisingduringperiodnetoftax": -4720000000,
        "othercomprehensiveincomelossreclassificationadjustmentfromaociforsaleofsecuritiesnetoftax": -1007000000,
        "othercomprehensiveincomelossavailableforsalesecuritiesadjustmentnetoftax": -3713000000,
        "othercomprehensiveincomelosscashflowhedgegainlossbeforereclassificationaftertax": 1275000000,
        "othercomprehensiveincomelosscashflowhedgegainlossreclassificationaftertax": 1706000000,
        "othercomprehensiveincomelosscashflowhedgegainlossafterreclassificationandtax": -431000000,
        "othercomprehensiveincomelossnetoftax": -5980000000,
        "comprehensiveincomenetoftax": 53992000000,
        "othercomprehensiveincomelossavailableforsalesecuritiestax": -1056000000,
        "othercomprehensiveincomelosscashflowhedgegainlossafterreclassificationtax": -110000000
    },
    {
        "date": "2021-12-31",
        "symbol": "GOOG",
        "period": "FY",
        "revenues": 257637000000,
        "costofrevenue": 110939000000,
        "researchanddevelopmentexpense": 31562000000,
        "sellingandmarketingexpense": 22912000000,
        "generalandadministrativeexpense": 13510000000,
        "costsandexpenses": 178923000000,
        "operatingincomeloss": 78714000000,
        "nonoperatingincomeexpense": 12020000000,
        "incomelossfromcontinuingoperationsbeforeincometaxesextraordinaryitemsnoncontrollinginterest": 90734000000,
        "incometaxexpensebenefit": 14701000000,
        "netincomeloss": 76033000000,
        "earningspersharebasic": 113.88,
        "earningspersharediluted": 112.2,
        "othercomprehensiveincomelossforeigncurrencytransactionandtranslationadjustmentnetoftax": -1442000000,
        "othercomprehensiveincomeunrealizedholdinggainlossonsecuritiesarisingduringperiodnetoftax": -1312000000,
        "othercomprehensiveincomelossreclassificationadjustmentfromaociforsaleofsecuritiesnetoftax": 64000000,
        "othercomprehensiveincomelossavailableforsalesecuritiesadjustmentnetoftax": -1376000000,
        "othercomprehensiveincomelosscashflowhedgegainlossbeforereclassificationaftertax": 716000000,
        "othercomprehensiveincomelosscashflowhedgegainlossreclassificationaftertax": 154000000,
        "othercomprehensiveincomelosscashflowhedgegainlossafterreclassificationandtax": 562000000,
        "othercomprehensiveincomelossnetoftax": -2256000000,
        "comprehensiveincomenetoftax": 73777000000,
        "othercomprehensiveincomelossavailableforsalesecuritiestax": -394000000,
        "othercomprehensiveincomelosscashflowhedgegainlossafterreclassificationtax": 122000000
    },
    {
        "date": "2020-12-31",
        "symbol": "GOOG",
        "period": "FY",
        "revenues": 182527000000,
        "costofrevenue": 84732000000,
        "researchanddevelopmentexpense": 27573000000,
        "sellingandmarketingexpense": 17946000000,
        "generalandadministrativeexpense": 11052000000,
        "costsandexpenses": 141303000000,
        "operatingincomeloss": 41224000000,
        "nonoperatingincomeexpense": 6858000000,
        "incomelossfromcontinuingoperationsbeforeincometaxesminorityinterestandincomelossfromequitymethodinvestments": 48082000000,
        "incometaxexpensebenefit": 7813000000,
        "netincomeloss": 40269000000,
        "earningspersharebasic": 59.15,
        "earningspersharediluted": 58.61,
        "othercomprehensiveincomelossforeigncurrencytransactionandtranslationadjustmentnetoftax": 1139000000,
        "othercomprehensiveincomeunrealizedholdinggainlossonsecuritiesarisingduringperiodnetoftax": 1313000000,
        "othercomprehensiveincomelossreclassificationadjustmentfromaociforsaleofsecuritiesnetoftax": 513000000,
        "othercomprehensiveincomelossavailableforsalesecuritiesadjustmentnetoftax": 800000000,
        "othercomprehensiveincomelosscashflowhedgegainlossbeforereclassificationaftertax": 42000000,
        "othercomprehensiveincomelosscashflowhedgegainlossreclassificationaftertax": 116000000,
        "othercomprehensiveincomelosscashflowhedgegainlossafterreclassificationandtax": -74000000,
        "othercomprehensiveincomelossnetoftax": 1865000000,
        "comprehensiveincomenetoftax": 42134000000,
        "othercomprehensiveincomelossavailableforsalesecuritiestax": 230000000,
        "othercomprehensiveincomelosscashflowhedgegainlossafterreclassificationtax": -11000000
    },
    {
        "date": "2019-12-31",
        "symbol": "GOOG",
        "period": "FY",
        "netincomeloss": 34343000000,
        "othercomprehensiveincomelossforeigncurrencytransactionandtranslationadjustmentnetoftax": -119000000,
        "othercomprehensiveincomeunrealizedholdinggainlossonsecuritiesarisingduringperiodnetoftax": 1611000000,
        "othercomprehensiveincomelossreclassificationadjustmentfromaociforsaleofsecuritiesnetoftax": 111000000,
        "othercomprehensiveincomelossavailableforsalesecuritiesadjustmentnetoftax": 1500000000,
        "othercomprehensiveincomelosscashflowhedgegainlossbeforereclassificationaftertax": 22000000,
        "othercomprehensiveincomelosscashflowhedgegainlossreclassificationaftertax": 299000000,
        "othercomprehensiveincomelosscashflowhedgegainlossafterreclassificationandtax": -277000000,
        "othercomprehensiveincomelossnetoftax": 1104000000,
        "comprehensiveincomenetoftax": 35447000000,
        "othercomprehensiveincomelossavailableforsalesecuritiestax": 221000000,
        "othercomprehensiveincomelosscashflowhedgegainlossafterreclassificationtax": 42000000,
        "revenuefromcontractwithcustomerexcludingassessedtax": 161857000000,
        "costofrevenue": 71896000000,
        "researchanddevelopmentexpense": 26018000000,
        "sellingandmarketingexpense": 18464000000,
        "generalandadministrativeexpense": 9551000000,
        "losscontingencylossinperiod": 1697000000,
        "costsandexpenses": 127626000000,
        "operatingincomeloss": 34231000000,
        "nonoperatingincomeexpense": 5394000000,
        "incomelossfromcontinuingoperationsbeforeincometaxesminorityinterestandincomelossfromequitymethodinvestments": 39625000000,
        "incometaxexpensebenefit": 5282000000,
        "earningspersharebasic": 49.59,
        "earningspersharediluted": 49.16
    },
    {
        "date": "2018-12-31",
        "symbol": "GOOG",
        "period": "FY",
        "netincomeloss": 30736000000,
        "othercomprehensiveincomelossforeigncurrencytransactionandtranslationadjustmentnetoftax": -781000000,
        "othercomprehensiveincomeunrealizedholdinggainlossonsecuritiesarisingduringperiodnetoftax": 88000000,
        "othercomprehensiveincomelossreclassificationadjustmentfromaociforsaleofsecuritiesnetoftax": 911000000,
        "othercomprehensiveincomelossavailableforsalesecuritiesadjustmentnetoftax": -823000000,
        "othercomprehensiveincomelosscashflowhedgegainlossbeforereclassificationaftertax": 290000000,
        "othercomprehensiveincomelosscashflowhedgegainlossreclassificationaftertax": -98000000,
        "othercomprehensiveincomelosscashflowhedgegainlossafterreclassificationandtax": 388000000,
        "othercomprehensiveincomelossnetoftax": -1216000000,
        "comprehensiveincomenetoftax": 29520000000,
        "othercomprehensiveincomelossavailableforsalesecuritiestax": -156000000,
        "othercomprehensiveincomelosscashflowhedgegainlossafterreclassificationtax": 103000000,
        "revenuefromcontractwithcustomerexcludingassessedtax": 595000000,
        "costofrevenue": 59549000000,
        "researchanddevelopmentexpense": 21419000000,
        "sellingandmarketingexpense": 16333000000,
        "generalandadministrativeexpense": 8126000000,
        "losscontingencylossinperiod": 5071000000,
        "costsandexpenses": 110498000000,
        "operatingincomeloss": -3358000000,
        "nonoperatingincomeexpense": 1190000000,
        "incomelossfromcontinuingoperationsbeforeincometaxesminorityinterestandincomelossfromequitymethodinvestments": 34913000000,
        "incometaxexpensebenefit": 279000000,
        "earningspersharebasic": 44.22,
        "earningspersharediluted": 43.7
    },
    {
        "date": "2017-12-31",
        "symbol": "GOOG",
        "period": "FY",
        "netincomeloss": 12662000000,
        "othercomprehensiveincomelossforeigncurrencytransactionandtranslationadjustmentnetoftax": 1543000000,
        "othercomprehensiveincomeunrealizedholdinggainlossonsecuritiesarisingduringperiodnetoftax": 307000000,
        "othercomprehensiveincomelossreclassificationadjustmentfromaociforsaleofsecuritiesnetoftax": -105000000,
        "othercomprehensiveincomelossavailableforsalesecuritiesadjustmentnetoftax": 412000000,
        "othercomprehensiveincomeunrealizedgainlossonderivativesarisingduringperiodnetoftax": -638000000,
        "othercomprehensiveincomelossreclassificationadjustmentfromaocionderivativesnetoftax": -93000000,
        "othercomprehensiveincomelossderivativesqualifyingashedgesnetoftax": -545000000,
        "othercomprehensiveincomelossnetoftax": 1410000000,
        "comprehensiveincomenetoftax": 14072000000,
        "othercomprehensiveincomelossderivativesqualifyingashedgestax": -247000000,
        "revenues": 36046000000,
        "costofrevenue": 45583000000,
        "researchanddevelopmentexpense": 16625000000,
        "sellingandmarketingexpense": 12893000000,
        "generalandadministrativeexpense": 6872000000,
        "losscontingencylossinperiod": 2736000000,
        "costsandexpenses": 84709000000,
        "operatingincomeloss": -3355000000,
        "nonoperatingincomeexpense": -105000000,
        "incomelossfromcontinuingoperationsbeforeincometaxesminorityinterestandincomelossfromequitymethodinvestments": 27193000000,
        "incometaxexpensebenefit": -71000000,
        "netincomelossavailabletocommonstockholdersbasic": 862000000,
        "earningspersharebasic": 18.27,
        "earningspersharediluted": 18
    },
    {
        "date": "2016-12-31",
        "symbol": "GOOG",
        "period": "FY",
        "netincomeloss": 19478000000,
        "othercomprehensiveincomelossforeigncurrencytransactionandtranslationadjustmentnetoftax": -599000000,
        "othercomprehensiveincomeunrealizedholdinggainlossonsecuritiesarisingduringperiodnetoftax": -314000000,
        "othercomprehensiveincomelossreclassificationadjustmentfromaociforsaleofsecuritiesnetoftax": -221000000,
        "othercomprehensiveincomelossavailableforsalesecuritiesadjustmentnetoftax": -93000000,
        "othercomprehensiveincomeunrealizedgainlossonderivativesarisingduringperiodnetoftax": 515000000,
        "othercomprehensiveincomelossreclassificationadjustmentfromaocionderivativesnetoftax": 351000000,
        "othercomprehensiveincomelossderivativesqualifyingashedgesnetoftax": 164000000,
        "othercomprehensiveincomelossnetoftax": -528000000,
        "comprehensiveincomenetoftax": 18950000000,
        "othercomprehensiveincomelossderivativesqualifyingashedgestax": 64000000,
        "revenues": 39704000000,
        "costofrevenue": 35138000000,
        "researchanddevelopmentexpense": 13948000000,
        "sellingandmarketingexpense": 10485000000,
        "generalandadministrativeexpense": 6985000000,
        "costsandexpenses": 66556000000,
        "operatingincomeloss": -3578000000,
        "nonoperatingincomeexpense": -221000000,
        "incomelossfromcontinuingoperationsbeforeincometaxesminorityinterestandincomelossfromequitymethodinvestments": 24150000000,
        "incometaxexpensebenefit": 193000000,
        "incomelossfromcontinuingoperations": 1384000000,
        "netincomelossavailabletocommonstockholdersbasic": 19478000000,
        "incomelossfromcontinuingoperationsperbasicshare": 28.32,
        "earningspersharebasic": 28.32,
        "incomelossfromcontinuingoperationsperdilutedshare": 27.85,
        "earningspersharediluted": 27.85
    },
    {
        "date": "2015-12-31",
        "symbol": "GOOG",
        "period": "FY",
        "netincomeloss": 16348000000,
        "othercomprehensiveincomelossforeigncurrencytransactionandtranslationadjustmentnetoftax": -1067000000,
        "othercomprehensiveincomeunrealizedholdinggainlossonsecuritiesarisingduringperiodnetoftax": -715000000,
        "othercomprehensiveincomelossreclassificationadjustmentfromaociforsaleofsecuritiesnetoftax": -208000000,
        "othercomprehensiveincomelossavailableforsalesecuritiesadjustmentnetoftax": -507000000,
        "othercomprehensiveincomeunrealizedgainlossonderivativesarisingduringperiodnetoftax": 676000000,
        "othercomprehensiveincomelossreclassificationadjustmentfromaocionderivativesnetoftax": 1003000000,
        "othercomprehensiveincomelossderivativesqualifyingashedgesnetoftax": -327000000,
        "othercomprehensiveincomelossnetoftax": -1901000000,
        "comprehensiveincomenetoftax": 14447000000,
        "othercomprehensiveincomelossavailableforsalesecuritiestax": -29000000,
        "othercomprehensiveincomelossderivativesqualifyingashedgestax": -115000000,
        "revenues": 33112000000,
        "costofrevenue": 28164000000,
        "researchanddevelopmentexpense": 12282000000,
        "sellingandmarketingexpense": 9047000000,
        "generalandadministrativeexpense": 6136000000,
        "costsandexpenses": 55629000000,
        "operatingincomeloss": -3567000000,
        "nonoperatingincomeexpense": -208000000,
        "incomelossfromcontinuingoperationsbeforeincometaxesminorityinterestandincomelossfromequitymethodinvestments": 19651000000,
        "incometaxexpensebenefit": 401000000,
        "incomelossfromcontinuingoperations": 1196000000,
        "preferredstockdividendsandotheradjustments": -522000000,
        "netincomelossavailabletocommonstockholdersbasic": 1196000000,
        "incomelossfromcontinuingoperationsperbasicshare": 23.11,
        "earningspersharebasic": 23.11,
        "incomelossfromcontinuingoperationsperdilutedshare": 22.84,
        "earningspersharediluted": 22.84
    }
]