[
    {
        "date": "2022-12-30",
        "symbol": "MCD",
        "period": "FY",
        "salesbycompanyoperatedrestaurants": 8748400000,
        "revenuesfromfranchisedrestaurants": 14105800000,
        "otherrevenues": 328400000,
        "revenues": 2297200000,
        "foodandpapercosts": 2737300000,
        "payrollandemployeebenefits": 2617400000,
        "occupancyandotheroperatingexpenses": 2026200000,
        "franchisedrestaurantsoccupancyexpenses": 2349700000,
        "otherexpenses": 244800000,
        "depreciationdepletionandamortization": 370400000,
        "othersellinggeneralandadministrativeexpense": 2492200000,
        "otheroperatingincomeexpensenet": -973600000,
        "costsandexpenses": 13811600000,
        "operatingincomeloss": 308600000,
        "interestexpense": 1207000000,
        "nonoperatingincomeexpense": -338600000,
        "incomelossfromcontinuingoperationsbeforeincometaxes": 7825400000,
        "incometaxexpensebenefit": 1648000000,
        "netincomeloss": 6177400000,
        "earningspersharebasic": 8.39,
        "earningspersharediluted": 8.33,
        "commonstockdividendspersharedeclared": 5.66,
        "weightedaveragenumberofsharesoutstandingbasic": 736500000,
        "weightedaveragenumberofdilutedsharesoutstanding": 741300000,
        "interestpaidcapitalized": 9500000,
        "othercomprehensiveincomeforeigncurrencytransactionandtranslationgainlossarisingduringperiodnetoftax": -354100000,
        "othercomprehensiveincomelossforeigncurrencytransactionandtranslationreclassificationadjustmentfromaocirealizeduponsaleorliquidationnetoftax": -504400000,
        "othercomprehensiveincomelossforeigncurrencytransactionandtranslationadjustmentnetoftax": 150300000,
        "othercomprehensiveincomelosscashflowhedgegainlossbeforereclassificationaftertax": 160300000,
        "othercomprehensiveincomelosscashflowhedgegainlossreclassificationaftertax": 104800000,
        "othercomprehensiveincomelosscashflowhedgegainlossafterreclassificationandtax": 55500000,
        "othercomprehensiveincomelosspensionandotherpostretirementbenefitplansadjustmentbeforereclassificationadjustmentsnetoftax": 118700000,
        "othercomprehensiveincomelosspensionandotherpostretirementbenefitplansadjustmentnetoftax": 118700000,
        "othercomprehensiveincomelossnetoftax": 150300000,
        "comprehensiveincomenetoftax": 6264500000,
        "othercomprehensiveincomelossforeigncurrencytranslationadjustmenttax": 207600000,
        "othercomprehensiveincomelosscashflowhedgegainlossafterreclassificationtax": 16000000,
        "othercomprehensiveincomelosspensionandotherpostretirementbenefitplanstax": 43200000
    },
    {
        "date": "2021-12-30",
        "symbol": "MCD",
        "period": "FY",
        "salesbycompanyoperatedrestaurants": 9787400000,
        "revenuesfromfranchisedrestaurants": 13085400000,
        "otherrevenues": 350100000,
        "revenues": 2138100000,
        "foodandpapercosts": 3096800000,
        "payrollandemployeebenefits": 2677200000,
        "occupancyandotheroperatingexpenses": 2273300000,
        "franchisedrestaurantsoccupancyexpenses": 2335000000,
        "otherexpenses": 260399999.99999997,
        "depreciationdepletionandamortization": 329700000,
        "othersellinggeneralandadministrativeexpense": 2377800000,
        "otheroperatingincomeexpensenet": 483300000,
        "costsandexpenses": 12866900000,
        "operatingincomeloss": 470700000,
        "interestexpense": 1185800000,
        "nonoperatingincomeexpense": -42300000,
        "incomelossfromcontinuingoperationsbeforeincometaxes": 9127900000,
        "incometaxexpensebenefit": 1582700000,
        "netincomeloss": 7545200000,
        "earningspersharebasic": 10.11,
        "earningspersharediluted": 10.04,
        "commonstockdividendspersharedeclared": 5.25,
        "weightedaveragenumberofsharesoutstandingbasic": 746300000,
        "weightedaveragenumberofdilutedsharesoutstanding": 751800000,
        "interestpaidcapitalized": 6800000,
        "othercomprehensiveincomeforeigncurrencytransactionandtranslationgainlossarisingduringperiodnetoftax": -216200000,
        "othercomprehensiveincomelossforeigncurrencytransactionandtranslationreclassificationadjustmentfromaocirealizeduponsaleorliquidationnetoftax": -34700000,
        "othercomprehensiveincomelossforeigncurrencytransactionandtranslationadjustmentnetoftax": -181500000,
        "othercomprehensiveincomelosscashflowhedgegainlossbeforereclassificationaftertax": 57600000,
        "othercomprehensiveincomelosscashflowhedgegainlossreclassificationaftertax": -28900000,
        "othercomprehensiveincomelosscashflowhedgegainlossafterreclassificationandtax": 86500000,
        "othercomprehensiveincomelosspensionandotherpostretirementbenefitplansadjustmentbeforereclassificationadjustmentsnetoftax": -108100000,
        "othercomprehensiveincomelosspensionandotherpostretirementbenefitplansadjustmentnetoftax": -108100000,
        "othercomprehensiveincomelossnetoftax": -181500000,
        "comprehensiveincomenetoftax": 7558300000,
        "othercomprehensiveincomelossforeigncurrencytranslationadjustmenttax": 186500000,
        "othercomprehensiveincomelosscashflowhedgegainlossafterreclassificationtax": 24900000,
        "othercomprehensiveincomelosspensionandotherpostretirementbenefitplanstax": -36600000
    },
    {
        "date": "2020-12-30",
        "symbol": "MCD",
        "period": "FY",
        "salesbycompanyoperatedrestaurants": 8139200000,
        "revenuesfromfranchisedrestaurants": 10726100000,
        "otherrevenues": 342500000,
        "revenues": 1808600000,
        "foodandpapercosts": 2564200000,
        "payrollandemployeebenefits": 2416400000,
        "occupancyandotheroperatingexpenses": 2000600000,
        "franchisedrestaurantsoccupancyexpenses": 2207500000,
        "otherexpenses": 267000000,
        "depreciationdepletionandamortization": 300600000,
        "othersellinggeneralandadministrativeexpense": 2245000000,
        "otheroperatingincomeexpensenet": 117500000,
        "costsandexpenses": 11883800000,
        "operatingincomeloss": 219800000,
        "interestexpense": 1218100000,
        "nonoperatingincomeexpense": 34800000,
        "incomelossfromcontinuingoperationsbeforeincometaxes": 6140700000,
        "incometaxexpensebenefit": 1410200000,
        "netincomeloss": 4730500000,
        "earningspersharebasic": 6.35,
        "earningspersharediluted": 6.31,
        "commonstockdividendspersharedeclared": 5.04,
        "weightedaveragenumberofsharesoutstandingbasic": 744600000,
        "weightedaveragenumberofdilutedsharesoutstanding": 750100000,
        "interestpaidcapitalized": 6000000,
        "othercomprehensiveincomeforeigncurrencytransactionandtranslationgainlossarisingduringperiodnetoftax": 46000000,
        "othercomprehensiveincomelossforeigncurrencytransactionandtranslationreclassificationadjustmentfromaocirealizeduponsaleorliquidationnetoftax": -17100000,
        "othercomprehensiveincomelossforeigncurrencytransactionandtranslationadjustmentnetoftax": 63100000,
        "othercomprehensiveincomeunrealizedgainlossonderivativesarisingduringperiodnetoftax": -129100000,
        "othercomprehensiveincomelossreclassificationadjustmentfromaocionderivativesnetoftax": -5800000,
        "othercomprehensiveincomelossderivativesqualifyingashedgesnetoftax": -123300000,
        "othercomprehensiveincomelosspensionandotherpostretirementbenefitplansadjustmentbeforereclassificationadjustmentsnetoftax": 43500000,
        "othercomprehensiveincomelossreclassificationadjustmentfromaocipensionandotherpostretirementbenefitplansfornetgainlossnetoftax": 400000,
        "othercomprehensiveincomelosspensionandotherpostretirementbenefitplansadjustmentnetoftax": 43900000,
        "othercomprehensiveincomelossnetoftax": 63100000,
        "comprehensiveincomenetoftax": 4626400000,
        "othercomprehensiveincomelossforeigncurrencytranslationadjustmenttax": -204800000,
        "othercomprehensiveincomelossderivativesqualifyingashedgestax": -36600000,
        "othercomprehensiveincomelosspensionandotherpostretirementbenefitplanstax": 9300000
    },
    {
        "date": "2019-12-30",
        "symbol": "MCD",
        "period": "FY",
        "netincomeloss": 6025400000,
        "othercomprehensiveincomeforeigncurrencytransactionandtranslationgainlossarisingduringperiodnetoftax": 127500000,
        "othercomprehensiveincomelossforeigncurrencytransactionandtranslationreclassificationadjustmentfromaocirealizeduponsaleorliquidationnetoftax": -46800000,
        "othercomprehensiveincomelossforeigncurrencytransactionandtranslationadjustmentnetoftax": 174300000,
        "othercomprehensiveincomeunrealizedgainlossonderivativesarisingduringperiodnetoftax": 17300000,
        "othercomprehensiveincomelossreclassificationadjustmentfromaocionderivativesnetoftax": 37700000,
        "othercomprehensiveincomelossderivativesqualifyingashedgesnetoftax": -20400000,
        "othercomprehensiveincomelosspensionandotherpostretirementbenefitplansadjustmentbeforereclassificationadjustmentsnetoftax": 24500000,
        "othercomprehensiveincomelossreclassificationadjustmentfromaocipensionandotherpostretirementbenefitplansfornetgainlossnetoftax": 2600000,
        "othercomprehensiveincomelosspensionandotherpostretirementbenefitplansadjustmentnetoftax": 27100000,
        "othercomprehensiveincomelossnetoftax": 174300000,
        "comprehensiveincomenetoftax": 6152200000,
        "salesbycompanyoperatedrestaurants": 9420800000,
        "revenuesfromfranchisedrestaurants": 11655700000,
        "revenues": 1835200000,
        "foodandpapercosts": 2980300000,
        "payrollandemployeebenefits": 2704400000,
        "occupancyandotheroperatingexpenses": 2075900000,
        "franchisedrestaurantsoccupancyexpenses": 2200600000,
        "sellinggeneralandadministrativeexpense": 2229400000,
        "otheroperatingincomeexpensenet": 183900000,
        "costsandexpenses": 12006700000,
        "operatingincomeloss": 212100000,
        "interestexpense": 1121900000,
        "nonoperatingincomeexpense": 70200000,
        "incomelossfromcontinuingoperationsbeforeincometaxes": 8018100000,
        "incometaxexpensebenefit": 1992700000,
        "earningspersharebasic": 7.95,
        "earningspersharediluted": 7.88,
        "commonstockdividendspersharedeclared": 4.73,
        "weightedaveragenumberofsharesoutstandingbasic": 758100000,
        "weightedaveragenumberofdilutedsharesoutstanding": 764900000,
        "interestpaidcapitalized": 7400000
    },
    {
        "date": "2018-12-30",
        "symbol": "MCD",
        "period": "FY",
        "netincomeloss": 5924300000,
        "othercomprehensiveincomeforeigncurrencytransactionandtranslationgainlossarisingduringperiodnetoftax": -453600000,
        "othercomprehensiveincomelossforeigncurrencytransactionandtranslationadjustmentnetoftax": -453600000,
        "othercomprehensiveincomeunrealizedgainlossonderivativesarisingduringperiodnetoftax": 46500000,
        "othercomprehensiveincomelossreclassificationadjustmentfromaocionderivativesnetoftax": -2400000,
        "othercomprehensiveincomelossderivativesqualifyingashedgesnetoftax": 48900000,
        "othercomprehensiveincomelosspensionandotherpostretirementbenefitplansadjustmentbeforereclassificationadjustmentsnetoftax": 27000000,
        "othercomprehensiveincomelossreclassificationadjustmentfromaocipensionandotherpostretirementbenefitplansfornetgainlossnetoftax": -600000,
        "othercomprehensiveincomelosspensionandotherpostretirementbenefitplansadjustmentnetoftax": 26400000,
        "othercomprehensiveincomelossnetoftax": -453600000,
        "comprehensiveincomenetoftax": 5493200000,
        "salesrevenuegoodsnet": 538700000,
        "franchiserevenue": 1231900000,
        "revenues": 1770600000,
        "foodandpapercosts": 3153800000,
        "payrollandemployeebenefits": 2937900000,
        "occupancyandotheroperatingexpenses": 2174200000,
        "franchisecosts": 1973300000,
        "sellinggeneralandadministrativeexpense": 2200200000,
        "otheroperatingincomeexpensenet": 236800000,
        "costsandexpenses": 12202600000,
        "operatingincomeloss": 320100000,
        "interestexpense": 981200000,
        "nonoperatingincomeexpense": -25300000,
        "incomelossfromcontinuingoperationsbeforeincometaxes": 7816100000,
        "incometaxexpensebenefit": 1891800000,
        "earningspersharebasic": 7.61,
        "earningspersharediluted": 7.54,
        "commonstockdividendspersharedeclared": 4.19,
        "weightedaveragenumberofsharesoutstandingbasic": 778200000,
        "weightedaveragenumberofdilutedsharesoutstanding": 785600000,
        "interestpaidcapitalized": 5600000
    },
    {
        "date": "2017-12-30",
        "symbol": "MCD",
        "period": "FY",
        "netincomeloss": 5192300000,
        "othercomprehensiveincomeforeigncurrencytransactionandtranslationgainlossarisingduringperiodnetoftax": 827700000,
        "othercomprehensiveincomelossforeigncurrencytransactionandtranslationreclassificationadjustmentfromaocirealizeduponsaleorliquidationnetoftax": -109300000,
        "othercomprehensiveincomelossforeigncurrencytransactionandtranslationadjustmentnetoftax": 937000000,
        "othercomprehensiveincomeunrealizedgainlossonderivativesarisingduringperiodnetoftax": -48400000,
        "othercomprehensiveincomelossreclassificationadjustmentfromaocionderivativesnetoftax": -9000000,
        "othercomprehensiveincomelossderivativesqualifyingashedgesnetoftax": -39400000,
        "othercomprehensiveincomelosspensionandotherpostretirementbenefitplansadjustmentbeforereclassificationadjustmentsnetoftax": -16300000,
        "othercomprehensiveincomelossreclassificationadjustmentfromaocipensionandotherpostretirementbenefitplansfornetgainlossnetoftax": -600000,
        "othercomprehensiveincomelosspensionandotherpostretirementbenefitplansadjustmentnetoftax": -16900000,
        "othercomprehensiveincomelossnetoftax": 937000000,
        "comprehensiveincomenetoftax": 6106800000,
        "salesrevenuegoodsnet": 12718900000,
        "franchiserevenue": 10101500000,
        "revenues": 1940500000,
        "foodandpapercosts": 4033500000,
        "payrollandemployeebenefits": 3528500000,
        "occupancyandotheroperatingexpenses": 2847600000,
        "franchisecosts": 1790000000,
        "sellinggeneralandadministrativeexpense": 2231300000,
        "otheroperatingincomeexpensenet": 1163200000,
        "costsandexpenses": 13267700000,
        "operatingincomeloss": 362400000,
        "interestexpense": 921300000,
        "nonoperatingincomeexpense": -57900000,
        "incomelossfromcontinuingoperationsbeforeincometaxes": 8573500000,
        "incometaxexpensebenefit": 3381200000,
        "earningspersharebasic": 6.43,
        "earningspersharediluted": 6.37,
        "commonstockdividendspersharedeclared": 3.83,
        "weightedaveragenumberofsharesoutstandingbasic": 807400000,
        "weightedaveragenumberofdilutedsharesoutstanding": 815500000,
        "interestpaidcapitalized": 5300000
    },
    {
        "date": "2016-12-30",
        "symbol": "MCD",
        "period": "FY",
        "netincomeloss": 4686500000,
        "othercomprehensiveincomeforeigncurrencytransactionandtranslationgainlossarisingduringperiodnetoftax": -272800000,
        "othercomprehensiveincomelossforeigncurrencytransactionandtranslationreclassificationadjustmentfromaocirealizeduponsaleorliquidationnetoftax": -94000000,
        "othercomprehensiveincomelossforeigncurrencytransactionandtranslationadjustmentnetoftax": -178800000,
        "othercomprehensiveincomeunrealizedgainlossonderivativesarisingduringperiodnetoftax": 18500000,
        "othercomprehensiveincomelossreclassificationadjustmentfromaocionderivativesnetoftax": 15600000,
        "othercomprehensiveincomelossderivativesqualifyingashedgesnetoftax": 2900000,
        "othercomprehensiveincomelosspensionandotherpostretirementbenefitplansadjustmentbeforereclassificationadjustmentsnetoftax": 47100000,
        "othercomprehensiveincomelossreclassificationadjustmentfromaocipensionandotherpostretirementbenefitplansfornetgainlossnetoftax": -9900000,
        "othercomprehensiveincomelosspensionandotherpostretirementbenefitplansadjustmentnetoftax": 37200000,
        "othercomprehensiveincomelossnetoftax": -178800000,
        "comprehensiveincomenetoftax": 4473400000,
        "othercomprehensiveincomelossforeigncurrencytranslationadjustmenttax": 264400000,
        "othercomprehensiveincomelossderivativesqualifyingashedgestax": 1600000,
        "othercomprehensiveincomelosspensionandotherpostretirementbenefitplanstax": -10000000,
        "salesrevenuegoodsnet": 15295000000,
        "franchiserevenue": 9326900000,
        "revenues": 7223400000,
        "foodandpapercosts": 4896900000,
        "payrollandemployeebenefits": 4134200000,
        "occupancyandotheroperatingexpenses": 3667700000,
        "franchisecosts": 1718400000,
        "sellinggeneralandadministrativeexpense": 2384500000,
        "otheroperatingincomeexpensenet": -75700000,
        "costsandexpenses": 16877400000,
        "operatingincomeloss": 2838400000,
        "interestexpense": 884800000,
        "nonoperatingincomeexpense": 6300000,
        "incomelossfromcontinuingoperationsbeforeincometaxes": 6866000000,
        "incometaxexpensebenefit": 2179500000,
        "earningspersharebasic": 5.49,
        "earningspersharediluted": 5.44,
        "commonstockdividendspersharedeclared": 3.61,
        "weightedaveragenumberofsharesoutstandingbasic": 854400000,
        "weightedaveragenumberofdilutedsharesoutstanding": 861200000,
        "interestpaidcapitalized": 7100000
    },
    {
        "date": "2015-12-30",
        "symbol": "MCD",
        "period": "FY",
        "netincomeloss": 4529300000,
        "othercomprehensiveincomeforeigncurrencytransactionandtranslationgainlossarisingduringperiodnetoftax": -1347400000,
        "othercomprehensiveincomelossforeigncurrencytransactionandtranslationreclassificationadjustmentfromaocirealizeduponsaleorliquidationnetoftax": -1300000,
        "othercomprehensiveincomelossforeigncurrencytransactionandtranslationadjustmentnetoftax": -1346100000,
        "othercomprehensiveincomeunrealizedgainlossonderivativesarisingduringperiodnetoftax": 22200000,
        "othercomprehensiveincomelossreclassificationadjustmentfromaocionderivativesnetoftax": 33200000,
        "othercomprehensiveincomelossderivativesqualifyingashedgesnetoftax": -11000000,
        "othercomprehensiveincomelosspensionandotherpostretirementbenefitplansadjustmentbeforereclassificationadjustmentsnetoftax": 5400000,
        "othercomprehensiveincomelossreclassificationadjustmentfromaocipensionandotherpostretirementbenefitplansfornetgainlossnetoftax": -2400000,
        "othercomprehensiveincomelosspensionandotherpostretirementbenefitplansadjustmentnetoftax": 3000000,
        "othercomprehensiveincomelossnetoftax": -1346100000,
        "comprehensiveincomenetoftax": 3169200000,
        "othercomprehensiveincomelossforeigncurrencytranslationadjustmenttax": 209800000,
        "othercomprehensiveincomelossderivativesqualifyingashedgestax": -6200000,
        "othercomprehensiveincomelosspensionandotherpostretirementbenefitplanstax": 1300000,
        "salesrevenuegoodsnet": 16488300000,
        "franchiserevenue": 8924700000,
        "revenues": 7614900000,
        "foodandpapercosts": 5552200000,
        "payrollandemployeebenefits": 4400000000,
        "occupancyandotheroperatingexpenses": 4024700000,
        "franchisecosts": 1646900000,
        "sellinggeneralandadministrativeexpense": 2434300000,
        "otheroperatingincomeexpensenet": -209400000,
        "costsandexpenses": 18267500000,
        "operatingincomeloss": 2712600000,
        "interestexpense": 638300000,
        "nonoperatingincomeexpense": 48500000,
        "incomelossfromcontinuingoperationsbeforeincometaxes": 6555700000,
        "incometaxexpensebenefit": 2026400000,
        "earningspersharebasic": 4.82,
        "earningspersharediluted": 4.8,
        "commonstockdividendspersharedeclared": 3.44,
        "weightedaveragenumberofsharesoutstandingbasic": 939400000,
        "weightedaveragenumberofdilutedsharesoutstanding": 944600000,
        "interestpaidcapitalized": 9400000
    },
    {
        "date": "2014-12-30",
        "symbol": "MCD",
        "period": "FY",
        "netincomeloss": 4757800000,
        "othercomprehensiveincomeforeigncurrencytransactionandtranslationgainlossarisingduringperiodnetoftax": -1971600000,
        "othercomprehensiveincomelossforeigncurrencytransactionandtranslationreclassificationadjustmentfromaocirealizeduponsaleorliquidationnetoftax": -15200000,
        "othercomprehensiveincomelossforeigncurrencytransactionandtranslationadjustmentnetoftax": -1956400000,
        "othercomprehensiveincomeunrealizedgainlossonderivativesarisingduringperiodnetoftax": 40100000,
        "othercomprehensiveincomelossreclassificationadjustmentfromaocionderivativesnetoftax": 6800000,
        "othercomprehensiveincomelossderivativesqualifyingashedgesnetoftax": 33300000,
        "othercomprehensiveincomelosspensionandotherpostretirementbenefitplansadjustmentbeforereclassificationadjustmentsnetoftax": 26600000,
        "othercomprehensiveincomelossreclassificationadjustmentfromaocipensionandotherpostretirementbenefitplansfornetgainlossnetoftax": -2400000,
        "othercomprehensiveincomelosspensionandotherpostretirementbenefitplansadjustmentnetoftax": 24200000,
        "othercomprehensiveincomelossnetoftax": -1956400000,
        "comprehensiveincomenetoftax": 2810500000,
        "othercomprehensiveincomelossforeigncurrencytranslationadjustmenttax": 196000000,
        "othercomprehensiveincomelossderivativesqualifyingashedgestax": 18200000,
        "othercomprehensiveincomelosspensionandotherpostretirementbenefitplanstax": 7700000,
        "salesrevenuegoodsnet": 18169300000,
        "franchiserevenue": 9272000000,
        "revenues": 11077400000,
        "foodandpapercosts": 6129700000,
        "payrollandemployeebenefits": 4756000000,
        "occupancyandotheroperatingexpenses": 4402600000,
        "franchisecosts": 1697300000,
        "sellinggeneralandadministrativeexpense": 2487900000,
        "otheroperatingincomeexpensenet": -18600000,
        "costsandexpenses": 19492100000,
        "operatingincomeloss": 3280200000,
        "interestexpense": 570500000,
        "nonoperatingincomeexpense": -6700000,
        "incomelossfromcontinuingoperationsbeforeincometaxes": 7372000000,
        "incometaxexpensebenefit": 2614200000,
        "earningspersharebasic": 4.85,
        "earningspersharediluted": 4.82,
        "commonstockdividendspersharedeclared": 3.28,
        "weightedaveragenumberofsharesoutstandingbasic": 980500000,
        "weightedaveragenumberofdilutedsharesoutstanding": 986300000,
        "interestpaidcapitalized": 14700000
    },
    {
        "date": "2013-12-30",
        "symbol": "MCD",
        "period": "FY",
        "netincomeloss": 5585900000,
        "othercomprehensiveincomeforeigncurrencytransactionandtranslationgainlossarisingduringperiodnetoftax": -279400000,
        "othercomprehensiveincomelossforeigncurrencytransactionandtranslationadjustmentnetoftax": -279400000,
        "othercomprehensiveincomeunrealizedgainlossonderivativesarisingduringperiodnetoftax": -73400000,
        "othercomprehensiveincomelossreclassificationadjustmentfromaocionderivativesnetoftax": -35900000,
        "othercomprehensiveincomelossderivativesqualifyingashedgesnetoftax": -37500000,
        "othercomprehensiveincomelosspensionandotherpostretirementbenefitplansadjustmentbeforereclassificationadjustmentsnetoftax": 52800000,
        "othercomprehensiveincomelossreclassificationadjustmentfromaocipensionandotherpostretirementbenefitplansfornetgainlossnetoftax": -900000,
        "othercomprehensiveincomelosspensionandotherpostretirementbenefitplansadjustmentnetoftax": 51900000,
        "othercomprehensiveincomelossnetoftax": -279400000,
        "comprehensiveincomenetoftax": 5217100000,
        "othercomprehensiveincomelossforeigncurrencytranslationadjustmenttax": 5300000,
        "othercomprehensiveincomelossderivativesqualifyingashedgestax": -11400000,
        "othercomprehensiveincomelosspensionandotherpostretirementbenefitplanstax": 14200000,
        "salesrevenuegoodsnet": 18874200000,
        "franchiserevenue": 9231500000,
        "revenues": 6477200000,
        "foodandpapercosts": 6361300000,
        "payrollandemployeebenefits": 4824100000,
        "occupancyandotheroperatingexpenses": 4393200000,
        "franchisecosts": 1624400000,
        "sellinggeneralandadministrativeexpense": 2385600000,
        "otheroperatingincomeexpensenet": 247200000,
        "costsandexpenses": 19341400000,
        "operatingincomeloss": 3779300000,
        "interestexpense": 521900000,
        "nonoperatingincomeexpense": -37900000,
        "incomelossfromcontinuingoperationsbeforeincometaxes": 8204500000,
        "incometaxexpensebenefit": 2618600000,
        "earningspersharebasic": 5.59,
        "earningspersharediluted": 5.55,
        "commonstockdividendspersharedeclared": 3.12,
        "weightedaveragenumberofsharesoutstandingbasic": 998400000,
        "weightedaveragenumberofdilutedsharesoutstanding": 1006000000,
        "interestpaidcapitalized": 15500000
    },
    {
        "date": "2012-12-30",
        "symbol": "MCD",
        "period": "FY",
        "netincomeloss": 5464800000,
        "othercomprehensiveincomeforeigncurrencytransactionandtranslationgainlossarisingduringperiodnetoftax": 274700000,
        "othercomprehensiveincomelossforeigncurrencytransactionandtranslationreclassificationadjustmentrealizeduponsaleorliquidationnetoftax": -100000,
        "othercomprehensiveincomelossforeigncurrencytransactionandtranslationadjustmentnetoftax": 274600000,
        "othercomprehensiveincomeunrealizedgainlossonderivativesarisingduringperiodnetoftax": 19800000,
        "othercomprehensiveincomelossreclassificationadjustmentonderivativesincludedinnetincomenetoftax": 10800000,
        "othercomprehensiveincomelossderivativesqualifyingashedgesnetoftax": 30600000,
        "othercomprehensiveincomelosspensionandotherpostretirementbenefitplansadjustmentbeforereclassificationadjustmentsnetoftax": -33100000,
        "othercomprehensiveincomereclassificationofdefinedbenefitplansnetgainlossrecognizedinnetperiodicbenefitcostnetoftax": 8400000,
        "othercomprehensiveincomelosspensionandotherpostretirementbenefitplansadjustmentnetoftax": -41500000,
        "othercomprehensiveincomelossnetoftax": 274600000,
        "comprehensiveincomenetoftax": 5811500000,
        "othercomprehensiveincomelossforeigncurrencytranslationadjustmenttax": 47900000,
        "othercomprehensiveincomelossderivativesqualifyingashedgestax": 8800000,
        "othercomprehensiveincomelosspensionandotherpostretirementbenefitplanstax": -16600000,
        "salesrevenuegoodsnet": 18602500000,
        "franchiserevenue": 8964500000,
        "revenues": 6391100000,
        "foodandpapercosts": 6318200000,
        "payrollandemployeebenefits": 4710300000,
        "occupancyandotheroperatingexpenses": 4195200000,
        "franchisecosts": 1527000000,
        "sellinggeneralandadministrativeexpense": 2455200000,
        "restructuringsettlementandimpairmentprovisions": 1400000,
        "otheroperatingincomeexpensenet": 251500000,
        "costsandexpenses": 18962400000,
        "operatingincomeloss": 92300000,
        "interestexpense": 516600000,
        "nonoperatingincomeexpense": -9000000,
        "incomelossfromcontinuingoperationsbeforeincometaxes": 8079000000,
        "incometaxexpensebenefit": 2614200000,
        "earningspersharebasic": 5.41,
        "earningspersharediluted": 5.36,
        "commonstockdividendspersharedeclared": 2.87,
        "weightedaveragenumberofsharesoutstandingbasic": 1010100000,
        "weightedaveragenumberofdilutedsharesoutstanding": 1020200000,
        "interestpaidcapitalized": 15900000
    },
    {
        "date": "2011-12-30",
        "symbol": "MCD",
        "period": "FY",
        "salesrevenuegoodsnet": 18292800000,
        "franchiserevenue": 8713200000,
        "revenues": 1571900000,
        "foodandpapercosts": 6167200000,
        "payrollandemployeebenefits": 4606300000,
        "occupancyandotheroperatingexpenses": 4064400000,
        "franchisecosts": 1481500000,
        "sellinggeneralandadministrativeexpense": 2393700000,
        "restructuringsettlementandimpairmentprovisions": -4200000,
        "otheroperatingincomeexpensenet": 232900000,
        "costsandexpenses": 18476300000,
        "operatingincomeloss": 111000000,
        "interestexpense": 492800000,
        "nonoperatingincomeexpense": -24700000,
        "incomelossfromcontinuingoperationsbeforeincometaxes": 8012200000,
        "incometaxexpensebenefit": 2509100000,
        "netincomeloss": 5503100000,
        "earningspersharebasic": 5.33,
        "earningspersharediluted": 5.27,
        "commonstockdividendspersharedeclared": 2.53,
        "weightedaveragenumberofsharesoutstandingbasic": 1032100000,
        "weightedaveragenumberofdilutedsharesoutstanding": 1044900000,
        "interestpaidcapitalized": 14000000
    },
    {
        "date": "2010-12-30",
        "symbol": "MCD",
        "period": "FY",
        "salesrevenuegoodsnet": 16233300000,
        "franchiserevenue": 7841300000,
        "revenues": 1328300000,
        "foodandpapercosts": 5300100000,
        "payrollandemployeebenefits": 4121400000,
        "occupancyandotheroperatingexpenses": 3638000000,
        "franchisecosts": 1377800000,
        "sellinggeneralandadministrativeexpense": 2333300000,
        "restructuringsettlementandimpairmentprovisions": -21000000,
        "otheroperatingincomeexpense": -198200000,
        "costsandexpenses": 16601500000,
        "operatingincomeloss": 29900000,
        "interestexpense": 450900000,
        "nonoperatingincomeexpense": -21900000,
        "incomelossfromcontinuingoperationsbeforeincometaxes": 7000300000,
        "incometaxexpensebenefit": 2054000000,
        "netincomeloss": 4946300000,
        "earningspersharebasic": 4.64,
        "earningspersharediluted": 4.58,
        "commonstockdividendspersharedeclared": 2.26,
        "weightedaveragenumberofsharesoutstandingbasic": 1066000000,
        "weightedaveragenumberofdilutedsharesoutstanding": 1080300000,
        "cashpaidforcapitalizedinterest": 12000000
    },
    {
        "date": "2009-12-30",
        "symbol": "MCD",
        "period": "FY",
        "salesrevenuegoodsnet": 15458500000,
        "franchiserevenue": 7286200000,
        "revenues": 22744700000,
        "foodandpapercosts": 5178000000,
        "payrollandemployeebenefits": 3965600000,
        "occupancyandotheroperatingexpenses": 3507600000,
        "franchisecosts": 1301700000,
        "sellinggeneralandadministrativeexpense": 2234200000,
        "restructuringsettlementandimpairmentprovisions": -61100000,
        "otheroperatingincomeexpense": 222300000,
        "costsandexpenses": 15903700000,
        "operatingincomeloss": 6841000000,
        "interestexpense": 473200000,
        "nonoperatingincomeexpense": 24300000,
        "disposalgroupnotdiscontinuedoperationgainlossondisposal": 94900000,
        "incomelossfromcontinuingoperationsbeforeincometaxes": 6487000000,
        "incometaxexpensebenefit": 1936000000,
        "incomelossfromcontinuingoperationsafterincometaxes": 4551000000,
        "netincomeloss": 4551000000,
        "incomelossfromcontinuingoperationsperbasicshare": 4.17,
        "earningspersharebasic": 4.17,
        "incomelossfromcontinuingoperationsperdilutedshare": 4.11,
        "earningspersharediluted": 4.11,
        "commonstockdividendspersharedeclared": 2.05,
        "weightedaveragenumberofsharesoutstandingbasic": 1092200000,
        "weightedaveragenumberofdilutedsharesoutstanding": 1107400000,
        "cashpaidforcapitalizedinterest": 11700000,
        "sharesissued": -583900000,
        "stockholdersequity": -22854800000,
        "othercomprehensiveincomeforeigncurrencytransactionandtranslationadjustmentnetoftaxperiodincreasedecrease": 714100000,
        "othercomprehensiveincomederivativesqualifyingashedgesnetoftaxperiodincreasedecrease": -31500000,
        "othercomprehensiveincomedefinedbenefitplansadjustmentnetoftaxperiodincreasedecrease": -36500000,
        "comprehensiveincomenetoftax": 5197100000,
        "dividendscash": 2235500000,
        "treasurystocksharesacquired": -50300000,
        "treasurystockvalueacquiredcostmethod": 2854100000,
        "adjustmentstoadditionalpaidincapitalsharebasedcompensationrequisiteserviceperiodrecognitionvalue": 112900000,
        "stockoptionexercisesandothershares": 11700000,
        "stockoptionexercisesandother": -288700000,
        "othercomprehensiveincomeforeigncurrencytranslationadjustmenttax": 47200000,
        "othercomprehensiveincomederivativesqualifyingashedgestaxeffectperiodincreasedecrease": -18600000,
        "othercomprehensiveincomedefinedbenefitplanstax": -25000000,
        "adjustmentstoadditionalpaidincapitaltaxeffectfromsharebasedcompensation": 93300000
    }
]