[
    {
        "date": "2019-06-29",
        "symbol": "MSFT",
        "period": "FY",
        "revenuefromcontractwithcustomerexcludingassessedtax": 38100000000,
        "costofgoodsandservicessold": 42910000000,
        "grossprofit": 82933000000,
        "researchanddevelopmentexpense": 16876000000,
        "sellingandmarketingexpense": 18213000000,
        "generalandadministrativeexpense": 4885000000,
        "operatingincomeloss": 12820000000,
        "nonoperatingincomeexpense": 729000000,
        "incomelossfromcontinuingoperationsbeforeincometaxesminorityinterestandincomelossfromequitymethodinvestments": 43688000000,
        "incometaxexpensebenefit": -2600000000,
        "netincomeloss": 39240000000,
        "earningspersharebasic": 5.11,
        "earningspersharediluted": 5.06,
        "weightedaveragenumberofsharesoutstandingbasic": 7673000000,
        "weightedaveragenumberofdilutedsharesoutstanding": 7753000000,
        "othercomprehensiveincomelossderivativesqualifyingashedgesnetoftax": -173000000,
        "othercomprehensiveincomelossavailableforsalesecuritiesadjustmentnetoftax": 2405000000,
        "othercomprehensiveincomelossforeigncurrencytransactionandtranslationadjustmentnetoftax": -318000000,
        "othercomprehensiveincomelossnetoftaxportionattributabletoparent": -318000000,
        "comprehensiveincomenetoftax": 41154000000
    },
    {
        "date": "2018-06-29",
        "symbol": "MSFT",
        "period": "FY",
        "revenuefromcontractwithcustomerexcludingassessedtax": 23200000000,
        "costofgoodsandservicessold": 38353000000,
        "grossprofit": 72007000000,
        "researchanddevelopmentexpense": 14726000000,
        "sellingandmarketingexpense": 17469000000,
        "generalandadministrativeexpense": 4754000000,
        "operatingincomeloss": 10610000000,
        "nonoperatingincomeexpense": 1416000000,
        "incomelossfromcontinuingoperationsbeforeincometaxesminorityinterestandincomelossfromequitymethodinvestments": 36474000000,
        "incometaxexpensebenefit": 13700000000,
        "netincomeloss": 16571000000,
        "earningspersharebasic": 2.15,
        "earningspersharediluted": 2.13,
        "weightedaveragenumberofsharesoutstandingbasic": 7700000000,
        "weightedaveragenumberofdilutedsharesoutstanding": 7794000000,
        "commonstockdividendspersharedeclared": 1.68,
        "othercomprehensiveincomelossderivativesqualifyingashedgesnetoftax": 39000000,
        "othercomprehensiveincomelossavailableforsalesecuritiesadjustmentnetoftax": -2717000000,
        "othercomprehensiveincomelossforeigncurrencytransactionandtranslationadjustmentnetoftax": -178000000,
        "othercomprehensiveincomelossnetoftaxportionattributabletoparent": -178000000,
        "comprehensiveincomenetoftax": 13715000000
    },
    {
        "date": "2017-06-29",
        "symbol": "MSFT",
        "period": "FY",
        "salesrevenuegoodsnet": 57190000000,
        "salesrevenueservicesandothernet": 32760000000,
        "salesrevenuenet": 6700000000,
        "costofgoodssold": 15175000000,
        "costofservicesandother": 19086000000,
        "costofrevenue": 34261000000,
        "grossprofit": 55689000000,
        "researchanddevelopmentexpense": 13037000000,
        "sellingandmarketingexpense": 15539000000,
        "generalandadministrativeexpense": 4481000000,
        "impairmentintegrationandrestructuringexpenses": 306000000,
        "operatingincomeloss": -306000000,
        "nonoperatingincomeexpense": 823000000,
        "incomelossfromcontinuingoperationsbeforeincometaxesminorityinterestandincomelossfromequitymethodinvestments": 23149000000,
        "incometaxexpensebenefit": 4412000000,
        "netincomeloss": 25489000000,
        "earningspersharebasic": 2.74,
        "earningspersharediluted": 3.25,
        "weightedaveragenumberofsharesoutstandingbasic": 7746000000,
        "weightedaveragenumberofdilutedsharesoutstanding": 7832000000,
        "commonstockdividendspersharedeclared": 1.56,
        "othercomprehensiveincomelossderivativesqualifyingashedgesnetoftax": -218000000,
        "othercomprehensiveincomelossavailableforsalesecuritiesadjustmentnetoftax": -1116000000,
        "othercomprehensiveincomelossforeigncurrencytransactionandtranslationadjustmentnetoftax": 228000000,
        "othercomprehensiveincomelossnetoftaxportionattributabletoparent": 228000000,
        "comprehensiveincomenetoftax": 20098000000,
        "othercomprehensiveincomelossderivativesqualifyingashedgestax": -5000000,
        "othercomprehensiveincomelossavailableforsalesecuritiestax": -613000000,
        "othercomprehensiveincomelossforeigncurrencytranslationadjustmenttax": 9000000
    },
    {
        "date": "2016-06-29",
        "symbol": "MSFT",
        "period": "FY",
        "salesrevenuegoodsnet": 61502000000,
        "salesrevenueservicesandothernet": 23818000000,
        "salesrevenuenet": 9500000000,
        "costofgoodssold": 17880000000,
        "costofservicesandother": 14900000000,
        "costofrevenue": 32780000000,
        "grossprofit": 52540000000,
        "researchanddevelopmentexpense": 11988000000,
        "sellingandmarketingexpense": 14697000000,
        "generalandadministrativeexpense": 4563000000,
        "impairmentintegrationandrestructuringexpenses": 1110000000,
        "operatingincomeloss": -1110000000,
        "nonoperatingincomeexpense": -431000000,
        "incomelossfromcontinuingoperationsbeforeincometaxesminorityinterestandincomelossfromequitymethodinvestments": 19751000000,
        "incometaxexpensebenefit": 402000000,
        "netincomeloss": 16798000000,
        "earningspersharebasic": 2.12,
        "earningspersharediluted": 2.1,
        "weightedaveragenumberofsharesoutstandingbasic": 7925000000,
        "weightedaveragenumberofdilutedsharesoutstanding": 8013000000,
        "commonstockdividendspersharedeclared": 1.44,
        "othercomprehensiveincomelossderivativesqualifyingashedgesnetoftax": -238000000,
        "othercomprehensiveincomelossavailableforsalesecuritiesadjustmentnetoftax": -228000000,
        "othercomprehensiveincomelossforeigncurrencytransactionandtranslationadjustmentnetoftax": -519000000,
        "othercomprehensiveincomelossnetoftax": -985000000,
        "comprehensiveincomenetoftax": 15813000000,
        "othercomprehensiveincomelossderivativesqualifyingashedgestax": -12000000,
        "othercomprehensiveincomelossavailableforsalesecuritiestax": -121000000,
        "othercomprehensiveincomelossforeigncurrencytranslationadjustmenttax": -33000000
    },
    {
        "date": "2015-06-29",
        "symbol": "MSFT",
        "period": "FY",
        "salesrevenuenet": 5800000000,
        "costofrevenue": 33038000000,
        "grossprofit": 132000000,
        "researchanddevelopmentexpense": 12046000000,
        "sellingandmarketingexpense": 15713000000,
        "generalandadministrativeexpense": 4611000000,
        "impairmentintegrationandrestructuringexpenses": 10011000000,
        "operatingincomeloss": -13567000000,
        "nonoperatingincomeexpense": 346000000,
        "incomelossfromcontinuingoperationsbeforeincometaxesminorityinterestandincomelossfromequitymethodinvestments": 18507000000,
        "incometaxexpensebenefit": 6314000000,
        "netincomeloss": 12193000000,
        "earningspersharebasic": 1.49,
        "earningspersharediluted": 1.48,
        "weightedaveragenumberofsharesoutstandingbasic": 8177000000,
        "weightedaveragenumberofdilutedsharesoutstanding": 8254000000,
        "commonstockdividendspersharedeclared": 1.24,
        "othercomprehensiveincomelossderivativesqualifyingashedgesnetoftax": 559000000,
        "othercomprehensiveincomelossavailableforsalesecuritiesadjustmentnetoftax": -362000000,
        "othercomprehensiveincomelossforeigncurrencytransactionandtranslationadjustmentnetoftax": -1383000000,
        "othercomprehensiveincomelossnetoftax": -1186000000,
        "comprehensiveincomenetoftax": 11007000000,
        "othercomprehensiveincomelossderivativesqualifyingashedgestax": 20000000,
        "othercomprehensiveincomelossavailableforsalesecuritiestax": -197000000,
        "othercomprehensiveincomelossforeigncurrencytranslationadjustmenttax": 16000000
    },
    {
        "date": "2014-06-30",
        "symbol": "MSFT",
        "period": "FY",
        "salesrevenuenet": 2800000000,
        "costofrevenue": 26934000000,
        "grossprofit": 947000000,
        "researchanddevelopmentexpense": 11381000000,
        "sellingandmarketingexpense": 15811000000,
        "generalandadministrativeexpense": 4821000000,
        "businesscombinationintegrationrelatedcosts": 127000000,
        "operatingincomeloss": 8714000000,
        "nonoperatingincomeexpense": 61000000,
        "incomelossfromcontinuingoperationsbeforeincometaxesminorityinterestandincomelossfromequitymethodinvestments": 27820000000,
        "incometaxexpensebenefit": 5746000000,
        "netincomeloss": 22074000000,
        "earningspersharebasic": 2.66,
        "earningspersharediluted": 2.63,
        "weightedaveragenumberofsharesoutstandingbasic": 8299000000,
        "weightedaveragenumberofdilutedsharesoutstanding": 8399000000,
        "commonstockdividendspersharedeclared": 1.12,
        "othercomprehensiveincomelossderivativesqualifyingashedgesnetoftax": -35000000,
        "othercomprehensiveincomelossavailableforsalesecuritiesadjustmentnetoftax": 1737000000,
        "othercomprehensiveincomelossforeigncurrencytransactionandtranslationadjustmentnetoftax": 263000000,
        "othercomprehensiveincomelossnetoftax": 1965000000,
        "comprehensiveincomenetoftax": 24039000000,
        "othercomprehensiveincomelossderivativesqualifyingashedgestax": -4000000,
        "othercomprehensiveincomelossavailableforsalesecuritiestax": 936000000,
        "othercomprehensiveincomelossforeigncurrencytranslationadjustmenttax": 12000000
    },
    {
        "date": "2013-06-30",
        "symbol": "MSFT",
        "period": "FY",
        "salesrevenuenet": 36505000000,
        "costofrevenue": 20249000000,
        "grossprofit": 57600000000,
        "researchanddevelopmentexpense": 10411000000,
        "sellingandmarketingexpense": 15276000000,
        "generalandadministrativeexpense": 5149000000,
        "operatingexpenses": 30836000000,
        "operatingincomeloss": 155000000,
        "nonoperatingincomeexpense": 288000000,
        "incomelossfromcontinuingoperationsbeforeincometaxesminorityinterestandincomelossfromequitymethodinvestments": 27052000000,
        "incometaxexpensebenefit": 5189000000,
        "netincomeloss": 21863000000,
        "earningspersharebasic": 2.61,
        "earningspersharediluted": 2.58,
        "weightedaveragenumberofsharesoutstandingbasic": 8375000000,
        "weightedaveragenumberofdilutedsharesoutstanding": 8470000000,
        "commonstockdividendspersharedeclared": 0.92,
        "othercomprehensiveincomelossderivativesqualifyingashedgesnetoftax": -26000000,
        "othercomprehensiveincomelossavailableforsalesecuritiesadjustmentnetoftax": 363000000,
        "othercomprehensiveincomelossforeigncurrencytransactionandtranslationadjustmentnetoftax": -16000000,
        "othercomprehensiveincomelossnetoftax": 321000000,
        "comprehensiveincomenetoftax": 22184000000,
        "othercomprehensiveincomelossderivativesqualifyingashedgestax": -14000000,
        "othercomprehensiveincomelossavailableforsalesecuritiestax": 195000000,
        "othercomprehensiveincomelossforeigncurrencytranslationadjustmenttax": -8000000
    },
    {
        "date": "2012-06-30",
        "symbol": "MSFT",
        "period": "FY",
        "salesrevenuenet": 22299000000,
        "costofrevenue": 17530000000,
        "researchanddevelopmentexpense": 9811000000,
        "sellingandmarketingexpense": 13857000000,
        "generalandadministrativeexpense": 4569000000,
        "goodwillimpairmentloss": 6193000000,
        "costsandexpenses": 51960000000,
        "operatingincomeloss": 11908000000,
        "nonoperatingincomeexpense": 504000000,
        "incomelossfromcontinuingoperationsbeforeincometaxesminorityinterestandincomelossfromequitymethodinvestments": 22267000000,
        "incometaxexpensebenefit": 5289000000,
        "netincomeloss": 16978000000,
        "earningspersharebasic": 2.02,
        "earningspersharediluted": 2,
        "weightedaveragenumberofsharesoutstandingbasic": 8396000000,
        "weightedaveragenumberofdilutedsharesoutstanding": 8506000000,
        "commonstockdividendspersharedeclared": 0.8
    },
    {
        "date": "2011-06-30",
        "symbol": "MSFT",
        "period": "FY",
        "salesrevenuenet": 20730000000,
        "costofrevenue": 15577000000,
        "researchanddevelopmentexpense": 9043000000,
        "sellingandmarketingexpense": 13940000000,
        "generalandadministrativeexpense": 4222000000,
        "costsandexpenses": 42782000000,
        "operatingincomeloss": -4619000000,
        "nonoperatingincomeexpense": 910000000,
        "incomelossfromcontinuingoperationsbeforeincometaxesminorityinterestandincomelossfromequitymethodinvestments": 28071000000,
        "incometaxexpensebenefit": 4921000000,
        "netincomeloss": 23150000000,
        "earningspersharebasic": 2.73,
        "earningspersharediluted": 2.69,
        "weightedaveragenumberofsharesoutstandingbasic": 8490000000,
        "weightedaveragenumberofdilutedsharesoutstanding": 8593000000,
        "commonstockdividendspersharedeclared": 0.64
    },
    {
        "date": "2010-06-30",
        "symbol": "MSFT",
        "period": "FY",
        "revenues": 2528000000,
        "costofrevenue": 12395000000,
        "researchanddevelopmentexpense": 8714000000,
        "sellingandmarketingexpense": 13214000000,
        "generalandadministrativeexpense": 4004000000,
        "severancecosts": 59000000,
        "costsandexpenses": 38386000000,
        "operatingincomeloss": -2436000000,
        "nonoperatingincomeexpense": 915000000,
        "incomelossfromcontinuingoperationsbeforeincometaxesminorityinterestandincomelossfromequitymethodinvestments": 25013000000,
        "incometaxexpensebenefit": 6253000000,
        "netincomeloss": 18760000000,
        "earningspersharebasic": 2.13,
        "earningspersharediluted": 2.1,
        "weightedaveragenumberofsharesoutstandingbasic": 8813000000,
        "weightedaveragenumberofdilutedsharesoutstanding": 8927000000,
        "commonstockdividendspersharedeclared": 0.52
    }
]