[
    {
        "date": "2022-12-30",
        "symbol": "NFLX",
        "period": "FY",
        "revenues": 100000000,
        "costofrevenue": 19168285000,
        "marketingexpense": 2530502000,
        "researchanddevelopmentexpense": 2711041000,
        "generalandadministrativeexpense": 1572891000,
        "operatingincomeloss": 5632831000,
        "interestexpense": 706212000,
        "nonoperatingincomeexpense": 337310000,
        "incomelossfromcontinuingoperationsbeforeincometaxesextraordinaryitemsnoncontrollinginterest": 5263929000,
        "incometaxexpensebenefit": 772005000,
        "netincomeloss": 4491924000,
        "earningspersharebasic": 10.1,
        "earningspersharediluted": 9.95,
        "weightedaveragenumberofsharesoutstandingbasic": 444698000,
        "weightedaveragenumberofdilutedsharesoutstanding": 451290000,
        "othercomprehensiveincomeforeigncurrencytransactionandtranslationadjustmentnetoftaxportionattributabletoparent": -176811000,
        "comprehensiveincomenetoftax": 4315113000
    },
    {
        "date": "2021-12-30",
        "symbol": "NFLX",
        "period": "FY",
        "revenues": 200000000,
        "costofrevenue": 17332683000,
        "marketingexpense": 2545146000,
        "technologyanddevelopmentexpense": 2273885000,
        "generalandadministrativeexpense": 1351621000,
        "operatingincomeloss": 6194509000,
        "interestexpense": 765620000,
        "nonoperatingincomeexpense": 411214000,
        "incomelossfromcontinuingoperationsbeforeincometaxesextraordinaryitemsnoncontrollinginterest": 5840103000,
        "incometaxexpensebenefit": 723875000,
        "netincomeloss": 5116228000,
        "earningspersharebasic": 11.55,
        "earningspersharediluted": 11.24,
        "weightedaveragenumberofsharesoutstandingbasic": 443155000,
        "weightedaveragenumberofdilutedsharesoutstanding": 455372000,
        "othercomprehensiveincomeforeigncurrencytransactionandtranslationadjustmentnetoftaxportionattributabletoparent": -84893000,
        "comprehensiveincomenetoftax": 5031335000
    },
    {
        "date": "2020-12-30",
        "symbol": "NFLX",
        "period": "FY",
        "revenues": 24996056000,
        "costofrevenue": 15276319000,
        "marketingexpense": 2228362000,
        "technologyanddevelopmentexpense": 1829600000,
        "generalandadministrativeexpense": 1076486000,
        "operatingincomeloss": 4585289000,
        "interestexpense": 767499000,
        "nonoperatingincomeexpense": -618441000,
        "incomelossfromcontinuingoperationsbeforeincometaxesminorityinterestandincomelossfromequitymethodinvestments": 3199349000,
        "incometaxexpensebenefit": 437954000,
        "netincomeloss": 2761395000,
        "earningspersharebasic": 6.26,
        "earningspersharediluted": 6.08,
        "weightedaveragenumberofsharesoutstandingbasic": 440922000,
        "weightedaveragenumberofdilutedsharesoutstanding": 454208000,
        "othercomprehensiveincomeforeigncurrencytransactionandtranslationadjustmentnetoftaxportionattributabletoparent": 67919000,
        "comprehensiveincomenetoftax": 2829314000
    },
    {
        "date": "2019-12-30",
        "symbol": "NFLX",
        "period": "FY",
        "netincomeloss": 1866916000,
        "othercomprehensiveincomeforeigncurrencytransactionandtranslationadjustmentnetoftaxportionattributabletoparent": -3939000,
        "othercomprehensiveincomelossnetoftaxportionattributabletoparent": -3939000,
        "comprehensiveincomenetoftax": 1862977000,
        "revenues": 20156447000,
        "costofrevenue": 12440213000,
        "marketingexpense": 2652462000,
        "technologyanddevelopmentexpense": 1545149000,
        "generalandadministrativeexpense": 914369000,
        "operatingincomeloss": 2604254000,
        "interestexpense": 626023000,
        "nonoperatingincomeexpense": 84000000,
        "incomelossfromcontinuingoperationsbeforeincometaxesminorityinterestandincomelossfromequitymethodinvestments": 2062231000,
        "incometaxexpensebenefit": 195315000,
        "earningspersharebasic": 4.26,
        "earningspersharediluted": 4.13,
        "weightedaveragenumberofsharesoutstandingbasic": 437799000,
        "weightedaveragenumberofdilutedsharesoutstanding": 451765000
    },
    {
        "date": "2018-12-30",
        "symbol": "NFLX",
        "period": "FY",
        "netincomeloss": 1211242000,
        "othercomprehensiveincomeforeigncurrencytransactionandtranslationadjustmentnetoftaxportionattributabletoparent": 975000,
        "othercomprehensiveincomelossnetoftaxportionattributabletoparent": 975000,
        "comprehensiveincomenetoftax": 1212217000,
        "revenues": 7782105000,
        "costofrevenue": 5776047000,
        "marketingexpense": 1344118000,
        "technologyanddevelopmentexpense": 1221814000,
        "generalandadministrativeexpense": 630294000,
        "operatingincomeloss": 1605226000,
        "interestexpense": 420493000,
        "nonoperatingincomeexpense": 41725000,
        "incomelossfromcontinuingoperationsbeforeincometaxesminorityinterestandincomelossfromequitymethodinvestments": 1226458000,
        "incometaxexpensebenefit": 15216000,
        "earningspersharebasic": 2.78,
        "earningspersharediluted": 2.68,
        "weightedaveragenumberofsharesoutstandingbasic": 435374000,
        "weightedaveragenumberofdilutedsharesoutstanding": 451244000
    },
    {
        "date": "2017-12-30",
        "symbol": "NFLX",
        "period": "FY",
        "netincomeloss": 558929000,
        "othercomprehensiveincomeforeigncurrencytransactionandtranslationadjustmentnetoftaxportionattributabletoparent": 27409000,
        "othercomprehensiveincomelossavailableforsalesecuritiesadjustmentbeforereclassificationadjustmentsnetoftax": 599000,
        "othercomprehensiveincomelossnetoftaxportionattributabletoparent": 28008000,
        "comprehensiveincomenetoftax": 586937000,
        "othercomprehensiveincomeavailableforsalesecuritiestaxportionattributabletoparent": 378000,
        "revenues": 484900000,
        "costofrevenue": 4137911000,
        "marketingexpense": 724691000,
        "technologyanddevelopmentexpense": 1052778000,
        "generalandadministrativeexpense": 863568000,
        "operatingincomeloss": 838679000,
        "interestexpense": 238204000,
        "nonoperatingincomeexpense": -115154000,
        "incomelossfromcontinuingoperationsbeforeincometaxesminorityinterestandincomelossfromequitymethodinvestments": 485321000,
        "incometaxexpensebenefit": -73608000,
        "earningspersharebasic": 1.29,
        "earningspersharediluted": 1.25,
        "weightedaveragenumberofsharesoutstandingbasic": 431885000,
        "weightedaveragenumberofdilutedsharesoutstanding": 446814000
    },
    {
        "date": "2016-12-30",
        "symbol": "NFLX",
        "period": "FY",
        "netincomeloss": 186678000,
        "othercomprehensiveincomeforeigncurrencytransactionandtranslationadjustmentnetoftaxportionattributabletoparent": -5464000,
        "othercomprehensiveincomelossavailableforsalesecuritiesadjustmentbeforereclassificationadjustmentsnetoftax": 207000,
        "othercomprehensiveincomelossnetoftaxportionattributabletoparent": -5257000,
        "comprehensiveincomenetoftax": 181421000,
        "othercomprehensiveincomeavailableforsalesecuritiestaxportionattributabletoparent": 126000,
        "revenues": 3211095000,
        "costofrevenue": 2911370000,
        "marketingexpense": 608246000,
        "technologyanddevelopmentexpense": 852098000,
        "generalandadministrativeexpense": 577799000,
        "operatingincomeloss": -19800000,
        "interestexpense": 150114000,
        "nonoperatingincomeexpense": 30828000,
        "incomelossfromcontinuingoperationsbeforeincometaxesminorityinterestandincomelossfromequitymethodinvestments": 260507000,
        "incometaxexpensebenefit": 73829000,
        "earningspersharebasic": 0.44,
        "earningspersharediluted": 0.43,
        "weightedaveragenumberofsharesoutstandingbasic": 428822000,
        "weightedaveragenumberofdilutedsharesoutstanding": 438652000
    },
    {
        "date": "2015-12-30",
        "symbol": "NFLX",
        "period": "FY",
        "netincomeloss": 122641000,
        "othercomprehensiveincomeforeigncurrencytransactionandtranslationadjustmentnetoftaxportionattributabletoparent": -37887000,
        "othercomprehensiveincomelossavailableforsalesecuritiesadjustmentbeforereclassificationadjustmentsnetoftax": -975000,
        "othercomprehensiveincomelossnetoftaxportionattributabletoparent": -38862000,
        "comprehensiveincomenetoftax": 83779000,
        "othercomprehensiveincomeavailableforsalesecuritiestaxportionattributabletoparent": -598000,
        "revenues": 1953435000,
        "costofrevenue": 1780375000,
        "marketingexpense": 506446000,
        "researchanddevelopmentexpense": 650788000,
        "generalandadministrativeexpense": 407329000,
        "operatingincomeloss": -25500000,
        "interestexpense": 132716000,
        "nonoperatingincomeexpense": -31225000,
        "incomelossfromcontinuingoperationsbeforeincometaxesminorityinterestandincomelossfromequitymethodinvestments": 141885000,
        "incometaxexpensebenefit": 19244000,
        "earningspersharebasic": 0.29,
        "earningspersharediluted": 0.28,
        "weightedaveragenumberofsharesoutstandingbasic": 425889000,
        "weightedaveragenumberofdilutedsharesoutstanding": 436456000
    },
    {
        "date": "2014-12-30",
        "symbol": "NFLX",
        "period": "FY",
        "othercomprehensiveincomeavailableforsalesecuritiestaxportionattributabletoparent": -156000,
        "netincomeloss": 266799000,
        "othercomprehensiveincomeforeigncurrencytransactionandtranslationadjustmentnetoftaxportionattributabletoparent": -7768000,
        "othercomprehensiveincomelossavailableforsalesecuritiesadjustmentbeforereclassificationadjustmentsnetoftax": -253000,
        "othercomprehensiveincomelossnetoftaxportionattributabletoparent": -8021000,
        "comprehensiveincomenetoftax": 258778000,
        "revenues": 1308061000,
        "costofrevenue": 2201761000,
        "marketingexpense": 293453000,
        "researchanddevelopmentexpense": 472321000,
        "generalandadministrativeexpense": 269741000,
        "operatingincomeloss": 402648000,
        "interestexpense": 50219000,
        "nonoperatingincomeexpense": -3060000,
        "incomelossfromcontinuingoperationsbeforeincometaxesminorityinterestandincomelossfromequitymethodinvestments": 349369000,
        "incometaxexpensebenefit": 82570000,
        "earningspersharebasic": 4.44,
        "earningspersharediluted": 4.32,
        "weightedaveragenumberofsharesoutstandingbasic": 60078000,
        "weightedaveragenumberofdilutedsharesoutstanding": 61699000
    },
    {
        "date": "2013-12-30",
        "symbol": "NFLX",
        "period": "FY",
        "othercomprehensiveincomeavailableforsalesecuritiestaxportionattributabletoparent": 697000,
        "netincomeloss": -15400000,
        "othercomprehensiveincomeforeigncurrencytransactionandtranslationadjustmentnetoftaxportionattributabletoparent": 1772000,
        "othercomprehensiveincomelossavailableforsalesecuritiesadjustmentbeforereclassificationadjustmentsnetoftax": -1116000,
        "othercomprehensiveincomelossnetoftaxportionattributabletoparent": 656000,
        "comprehensiveincomenetoftax": 113059000,
        "revenues": 712390000,
        "costofrevenue": 774753000,
        "marketingexpense": 279454000,
        "researchanddevelopmentexpense": 378769000,
        "generalandadministrativeexpense": 180301000,
        "operatingincomeloss": -25000000,
        "interestexpense": 29142000,
        "nonoperatingincomeexpense": -3002000,
        "gainslossesonextinguishmentofdebt": -25129000,
        "incomelossfromcontinuingoperationsbeforeincometaxesminorityinterestandincomelossfromequitymethodinvestments": 171074000,
        "incometaxexpensebenefit": 58671000,
        "earningspersharebasic": -0.27,
        "earningspersharediluted": -0.25,
        "weightedaveragenumberofsharesoutstandingbasic": 58198000,
        "weightedaveragenumberofdilutedsharesoutstanding": 60761000
    },
    {
        "date": "2012-12-30",
        "symbol": "NFLX",
        "period": "FY",
        "netincomeloss": 17152000,
        "othercomprehensiveincomeforeigncurrencytransactionandtranslationadjustmentbeforetaxportionattributabletoparent": 1357000,
        "othercomprehensiveincomeavailableforsalesecuritiesadjustmentbeforetaxportionattributabletoparent": 1394000,
        "othercomprehensiveincomelossbeforetaxportionattributabletoparent": 2751000,
        "othercomprehensiveincomelosstaxportionattributabletoparent1": 538000,
        "othercomprehensiveincomelossnetoftaxportionattributabletoparent": 2213000,
        "comprehensiveincomenetoftax": 19365000,
        "revenues": 2184868000,
        "costofrevenue": 475570000,
        "marketingexpense": 201283000,
        "researchanddevelopmentexpense": 329008000,
        "generalandadministrativeexpense": 119687000,
        "operatingincomeloss": 49992000,
        "interestexpense": 19986000,
        "othernonoperatingincome": 474000,
        "incomelossfromcontinuingoperationsbeforeincometaxesminorityinterestandincomelossfromequitymethodinvestments": 30480000,
        "incometaxexpensebenefit": 13328000,
        "earningspersharebasic": 0.31,
        "earningspersharediluted": 0.29,
        "weightedaveragenumberofsharesoutstandingbasic": 55521000,
        "weightedaveragenumberofdilutedsharesoutstanding": 58904000
    },
    {
        "date": "2011-12-30",
        "symbol": "NFLX",
        "period": "FY",
        "revenues": 82850000,
        "costofgoodssoldsubscription": 1789596000,
        "fulfillmentexpense": 250305000,
        "costofrevenue": 2039901000,
        "grossprofit": 1164676000,
        "marketingexpense": 402638000,
        "researchanddevelopmentexpense": 259033000,
        "generalandadministrativeexpense": 117937000,
        "litigationsettlementexpense": 9000000,
        "operatingexpenses": 788608000,
        "operatingincomeloss": 376068000,
        "interestexpense": 20025000,
        "othernonoperatingincome": 3479000,
        "incomelossfromcontinuingoperationsbeforeincometaxesminorityinterestandincomelossfromequitymethodinvestments": 359522000,
        "incometaxexpensebenefit": 133396000,
        "netincomeloss": 226126000,
        "earningspersharebasic": 4.28,
        "earningspersharediluted": 4.16,
        "weightedaveragenumberofsharesoutstandingbasic": 52847000,
        "weightedaveragenumberofdilutedsharesoutstanding": 54369000,
        "stockholdersequity": 422930000,
        "sharesoutstanding": 55398615,
        "othercomprehensiveincomeavailableforsalesecuritiesadjustmentnetoftaxperiodincreasedecrease": -68000,
        "othercomprehensiveincomeforeigncurrencytransactionandtranslationadjustmentnetoftaxperiodincreasedecrease": 24000,
        "comprehensiveincomenetoftax": 226082000,
        "stockissuedduringperiodsharesstockoptionsexercised": 659370,
        "stockissuedduringperiodvaluestockoptionsexercised": 19614000,
        "stockissuedduringperiodvaluenewissues": 3000,
        "stockissuedduringperiodsharesnewissues": 2857143,
        "stockrepurchasedandretiredduringperiodshares": 899847,
        "stockrepurchasedandretiredduringperiodvalue": 40935000,
        "adjustmentstoadditionalpaidincapitalsharebasedcompensationrequisiteserviceperiodrecognitionvalue": 61582000,
        "adjustmentstoadditionalpaidincapitaltaxeffectfromsharebasedcompensation": 45548000
    },
    {
        "date": "2010-12-30",
        "symbol": "NFLX",
        "period": "FY",
        "revenues": 2162625000,
        "costofgoodssoldsubscription": 1154109000,
        "fulfillmentexpense": 203246000,
        "costofrevenue": 1357355000,
        "grossprofit": 805270000,
        "researchanddevelopmentexpense": 163329000,
        "marketingexpense": 293839000,
        "generalandadministrativeexpense": 70555000,
        "gainlossondispositionofotherassets": 6094000,
        "operatingexpenses": 521629000,
        "operatingincomeloss": 283641000,
        "interestexpense": 19629000,
        "othernonoperatingincome": 3684000,
        "incomelossfromcontinuingoperationsbeforeincometaxesminorityinterestandincomelossfromequitymethodinvestments": 267696000,
        "incometaxexpensebenefit": 106843000,
        "netincomeloss": 160853000,
        "earningspersharebasic": 3.06,
        "earningspersharediluted": 2.96,
        "weightedaveragenumberofsharesoutstandingbasic": 52529000,
        "weightedaveragenumberofdilutedsharesoutstanding": 54304000,
        "stockholdersequity": 237739000,
        "sharesissued": 52781949,
        "othercomprehensiveincomeavailableforsalesecuritiesadjustmentnetoftaxperiodincreasedecrease": 477000,
        "comprehensiveincomenetoftax": 161330000,
        "stockissuedduringperiodvaluestockoptionsexercised": 2000,
        "stockissuedduringperiodsharesstockoptionsexercised": 1902073,
        "stockissuedduringperiodvalueemployeestockpurchaseplan": 2694000,
        "stockissuedduringperiodsharesemployeestockpurchaseplans": 46112,
        "stockrepurchasedandretiredduringperiodvalue": -121931000,
        "stockrepurchasedandretiredduringperiodshares": -2606309,
        "adjustmentstoadditionalpaidincapitalsharebasedcompensationrequisiteserviceperiodrecognitionvalue": 27996000,
        "adjustmentstoadditionalpaidincapitaltaxeffectfromsharebasedcompensation": 62178000
    },
    {
        "date": "2009-12-30",
        "symbol": "NFLX",
        "period": "FY",
        "revenues": 1670269000,
        "costofgoodssoldsubscription": 909461000,
        "fulfillmentexpense": 169810000,
        "costofrevenue": 1079271000,
        "grossprofit": 590998000,
        "researchanddevelopmentexpense": 114542000,
        "marketingexpense": 237744000,
        "generalandadministrativeexpense": 51333000,
        "gainlossondispositionofotherassets": 4560000,
        "operatingexpenses": 399059000,
        "operatingincomeloss": 191939000,
        "interestexpense": 6475000,
        "othernonoperatingincome": 6728000,
        "incomelossfromcontinuingoperationsbeforeincometaxesminorityinterestandincomelossfromequitymethodinvestments": 192192000,
        "incometaxexpensebenefit": 76332000,
        "netincomeloss": 115860000,
        "earningspersharebasic": 2.05,
        "earningspersharediluted": 1.98,
        "weightedaveragenumberofsharesoutstandingbasic": 56560000,
        "weightedaveragenumberofdilutedsharesoutstanding": 58416000,
        "stockbasedcompensationexpenseassociatedwithfulfillmentexpense": 380000,
        "stockbasedcompensationexpenseassociatedwithtechnologyanddevelopmentexpense": 4453000,
        "stockbasedcompensationexpenseassociatedwithmarketingexpense": 1786000,
        "stockbasedcompensationexpenseassociatedwithgeneralandadministrativeexpense": 5999000,
        "sharesoutstanding": 53440073,
        "stockholdersequity": 198817000,
        "othercomprehensiveincomeavailableforsalesecuritiesadjustmentnetoftaxperiodincreasedecrease": 189000,
        "comprehensiveincomenetoftax": 116049000,
        "stockissuedduringperiodsharesstockoptionsexercised": 1724110,
        "stockissuedduringperiodvaluestockoptionsexercised": 1000,
        "stockissuedduringperiodsharesemployeestockpurchaseplans": 224799,
        "stockissuedduringperiodvalueemployeestockpurchaseplan": 5765000,
        "stockrepurchasedandretiredduringperiodshares": -7371314,
        "stockrepurchasedandretiredduringperiodvalue": -100020000,
        "adjustmentstoadditionalpaidincapitalsharebasedcompensationrequisiteserviceperiodrecognitionvalue": 12618000,
        "adjustmentstoadditionalpaidincapitaltaxeffectfromsharebasedcompensation": 12382000
    }
]