[
    {
        "date": "2023-01-28",
        "symbol": "NVDA",
        "period": "FY",
        "revenues": 455000000,
        "costofrevenue": 1130000000,
        "grossprofit": 15356000000,
        "researchanddevelopmentexpense": 7339000000,
        "sellinggeneralandadministrativeexpense": 2440000000,
        "businesscombinationadvancedconsiderationwrittenoff": 1353000000,
        "operatingexpenses": 11132000000,
        "operatingincomeloss": -5411000000,
        "investmentincomeinterest": 267000000,
        "interestexpense": 262000000,
        "othernonoperatingincomeexpense": -48000000,
        "nonoperatingincomeexpense": -43000000,
        "incomelossfromcontinuingoperationsbeforeincometaxesextraordinaryitemsnoncontrollinginterest": 4181000000,
        "incometaxexpensebenefit": -187000000,
        "netincomeloss": 4368000000,
        "earningspersharebasic": 1.76,
        "earningspersharediluted": 1.74,
        "weightedaveragenumberofsharesoutstandingbasic": 2487000000,
        "weightedaveragenumberofdilutedsharesoutstanding": 2507000000,
        "othercomprehensiveincomeunrealizedholdinggainlossonsecuritiesarisingduringperiodnetoftax": -31000000,
        "othercomprehensiveincomelossreclassificationadjustmentfromaociforsaleofsecuritiesnetoftax": -1000000,
        "othercomprehensiveincomeavailableforsalesecuritiesadjustmentnetoftaxportionattributabletoparent": -30000000,
        "othercomprehensiveincomelosscashflowhedgegainlossbeforereclassificationaftertax": 47000000,
        "othercomprehensiveincomelosscashflowhedgegainlossreclassificationaftertax": 49000000,
        "othercomprehensiveincomelosscashflowhedgegainlossafterreclassificationandtax": -2000000,
        "othercomprehensiveincomelossnetoftax": -32000000,
        "comprehensiveincomenetoftax": 4336000000
    },
    {
        "date": "2022-01-29",
        "symbol": "NVDA",
        "period": "FY",
        "revenues": 26914000000,
        "costofrevenue": 9439000000,
        "grossprofit": 17475000000,
        "researchanddevelopmentexpense": 5268000000,
        "sellinggeneralandadministrativeexpense": 2166000000,
        "operatingexpenses": 7434000000,
        "operatingincomeloss": -3049000000,
        "investmentincomeinterest": 29000000,
        "interestexpense": 236000000,
        "othernonoperatingincomeexpense": 107000000,
        "nonoperatingincomeexpense": -100000000,
        "incomelossfromcontinuingoperationsbeforeincometaxesextraordinaryitemsnoncontrollinginterest": 9941000000,
        "incometaxexpensebenefit": 189000000,
        "netincomeloss": 9752000000,
        "earningspersharebasic": 3.91,
        "earningspersharediluted": 3.85,
        "weightedaveragenumberofsharesoutstandingbasic": 2496000000,
        "weightedaveragenumberofdilutedsharesoutstanding": 2535000000,
        "othercomprehensiveincomeunrealizedholdinggainlossonsecuritiesarisingduringperiodnetoftax": -16000000,
        "othercomprehensiveincomeavailableforsalesecuritiesadjustmentnetoftaxportionattributabletoparent": -16000000,
        "othercomprehensiveincomelosscashflowhedgegainlossbeforereclassificationaftertax": -43000000,
        "othercomprehensiveincomelosscashflowhedgegainlossreclassificationaftertax": -29000000,
        "othercomprehensiveincomelosscashflowhedgegainlossafterreclassificationandtax": -14000000,
        "othercomprehensiveincomelossnetoftax": -30000000,
        "comprehensiveincomenetoftax": 9722000000
    },
    {
        "date": "2021-01-30",
        "symbol": "NVDA",
        "period": "FY",
        "revenuefromcontractwithcustomerexcludingassessedtax": 631000000,
        "costofgoodsandservicessold": 6279000000,
        "grossprofit": 10396000000,
        "researchanddevelopmentexpense": 3924000000,
        "sellinggeneralandadministrativeexpense": 1940000000,
        "operatingexpenses": 5864000000,
        "operatingincomeloss": -2628000000,
        "investmentincomeinterest": 57000000,
        "interestexpense": 184000000,
        "othernonoperatingincomeexpense": 4000000,
        "nonoperatingincomeexpense": -123000000,
        "incomelossfromcontinuingoperationsbeforeincometaxesminorityinterestandincomelossfromequitymethodinvestments": 4409000000,
        "incometaxexpensebenefit": 77000000,
        "netincomeloss": 4332000000,
        "earningspersharebasic": 7.02,
        "earningspersharediluted": 6.9,
        "weightedaveragenumberofsharesoutstandingbasic": 617000000,
        "weightedaveragenumberofdilutedsharesoutstanding": 628000000,
        "othercomprehensiveincomeunrealizedholdinggainlossonsecuritiesarisingduringperiodnetoftax": 2000000,
        "othercomprehensiveincomelossreclassificationadjustmentfromaociforsaleofsecuritiesnetoftax": 2000000,
        "othercomprehensiveincomelosscashflowhedgegainlossbeforereclassificationaftertax": 9000000,
        "othercomprehensiveincomelosscashflowhedgegainlossreclassificationaftertax": -9000000,
        "othercomprehensiveincomelosscashflowhedgegainlossafterreclassificationandtax": 18000000,
        "othercomprehensiveincomelossnetoftax": 18000000,
        "comprehensiveincomenetoftax": 4350000000
    },
    {
        "date": "2020-01-25",
        "symbol": "NVDA",
        "period": "FY",
        "netincomeloss": 2796000000,
        "othercomprehensiveincomelossavailableforsalesecuritiesadjustmentbeforetax": 8000000,
        "othercomprehensiveincomeunrealizedholdinggainlossonsecuritiesarisingduringperiodnetoftax": 8000000,
        "othercomprehensiveincomelosscashflowhedgegainlossbeforereclassificationaftertax": 10000000,
        "othercomprehensiveincomelossreclassificationadjustmentfromaocionderivativesnetoftax": 5000000,
        "othercomprehensiveincomeunrealizedgainlossonderivativesarisingduringperiodnetoftax": 5000000,
        "othercomprehensiveincomelossnetoftaxportionattributabletoparent": 13000000,
        "comprehensiveincomenetoftax": 2809000000,
        "revenuefromcontractwithcustomerexcludingassessedtax": 10918000000,
        "costofgoodsandservicessold": 4150000000,
        "grossprofit": 6768000000,
        "researchanddevelopmentexpense": 2829000000,
        "sellinggeneralandadministrativeexpense": 1093000000,
        "operatingexpenses": 3922000000,
        "operatingincomeloss": 2846000000,
        "investmentincomeinterest": 178000000,
        "interestexpense": 52000000,
        "othernonoperatingincomeexpense": -2000000,
        "nonoperatingincomeexpense": 124000000,
        "incomelossfromcontinuingoperationsbeforeincometaxesminorityinterestandincomelossfromequitymethodinvestments": 2970000000,
        "incometaxexpensebenefit": 174000000,
        "earningspersharebasic": 4.59,
        "earningspersharediluted": 4.52,
        "weightedaveragenumberofsharesoutstandingbasic": 609000000,
        "weightedaveragenumberofdilutedsharesoutstanding": 618000000
    },
    {
        "date": "2019-01-26",
        "symbol": "NVDA",
        "period": "FY",
        "netincomeloss": 4141000000,
        "othercomprehensiveincomelossavailableforsalesecuritiesadjustmentbeforetax": 10000000,
        "othercomprehensiveincomelossreclassificationadjustmentfromaociforsaleofsecuritiesnetoftax": -1000000,
        "othercomprehensiveincomeunrealizedholdinggainlossonsecuritiesarisingduringperiodnetoftax": 11000000,
        "unrealizedgainlossonderivatives": 6000000,
        "othercomprehensiveincomelossreclassificationadjustmentfromaocionderivativesnetoftax": 11000000,
        "othercomprehensiveincomeunrealizedgainlossonderivativesarisingduringperiodnetoftax": -5000000,
        "othercomprehensiveincomelossnetoftax": 6000000,
        "comprehensiveincomenetoftax": 4147000000,
        "revenuefromcontractwithcustomerexcludingassessedtax": 914000000,
        "costofgoodsandservicessold": 4545000000,
        "grossprofit": 7171000000,
        "researchanddevelopmentexpense": 2376000000,
        "sellinggeneralandadministrativeexpense": 991000000,
        "operatingexpenses": 3367000000,
        "operatingincomeloss": 241000000,
        "investmentincomeinterest": 136000000,
        "interestexpense": 58000000,
        "othernonoperatingincomeexpense": 14000000,
        "nonoperatingincomeexpense": 92000000,
        "incomelossfromcontinuingoperationsbeforeincometaxesminorityinterestandincomelossfromequitymethodinvestments": 3896000000,
        "incometaxexpensebenefit": -245000000,
        "earningspersharebasic": 6.81,
        "earningspersharediluted": 6.63,
        "weightedaveragenumberofsharesoutstandingbasic": 608000000,
        "weightedaveragenumberofdilutedsharesoutstanding": 625000000,
        "commonstockdividendspersharecashpaid": 0.61
    },
    {
        "date": "2018-01-27",
        "symbol": "NVDA",
        "period": "FY",
        "netincomeloss": 3047000000,
        "availableforsalesecuritiesgrossunrealizedgainloss1": -5000000,
        "othercomprehensiveincomelossreclassificationadjustmentfromaociforsaleofsecuritiesnetoftax": 1000000,
        "othercomprehensiveincomeunrealizedholdinggainlossonsecuritiesarisingduringperiodnetoftax": -4000000,
        "unrealizedgainlossonderivatives": -1000000,
        "othercomprehensiveincomelossreclassificationadjustmentfromaocionderivativesnetoftax": 3000000,
        "othercomprehensiveincomeunrealizedgainlossonderivativesarisingduringperiodnetoftax": 2000000,
        "othercomprehensiveincomelossnetoftax": -2000000,
        "comprehensiveincomenetoftax": 3045000000,
        "revenues": 768000000,
        "costofrevenue": 3892000000,
        "grossprofit": 5822000000,
        "researchanddevelopmentexpense": 1797000000,
        "sellinggeneralandadministrativeexpense": 815000000,
        "operatingexpenses": 2612000000,
        "operatingincomeloss": 303000000,
        "investmentincomeinterest": 69000000,
        "interestexpense": 61000000,
        "othernonoperatingincomeexpense": -22000000,
        "nonoperatingincomeexpense": -14000000,
        "incomelossfromcontinuingoperationsbeforeincometaxesminorityinterestandincomelossfromequitymethodinvestments": 3196000000,
        "incometaxexpensebenefit": 149000000,
        "earningspersharebasic": 5.09,
        "earningspersharediluted": 4.82,
        "weightedaveragenumberofsharesoutstandingbasic": 599000000,
        "weightedaveragenumberofdilutedsharesoutstanding": 632000000,
        "commonstockdividendspersharecashpaid": 0.57
    },
    {
        "date": "2017-01-28",
        "symbol": "NVDA",
        "period": "FY",
        "netincomeloss": 1666000000,
        "availableforsalesecuritiesgrossunrealizedgainloss1": -17000000,
        "othercomprehensiveincomelossreclassificationadjustmentfromaociforsaleofsecuritiesnetoftax": 1000000,
        "othercomprehensiveincomeunrealizedholdinggainlossonsecuritiesarisingduringperiodnetoftax": -16000000,
        "unrealizedgainlossonderivatives": 2000000,
        "othercomprehensiveincomelossreclassificationadjustmentfromaocionderivativesnetoftax": 2000000,
        "othercomprehensiveincomeunrealizedgainlossonderivativesarisingduringperiodnetoftax": 4000000,
        "othercomprehensiveincomelossnetoftax": -12000000,
        "comprehensiveincomenetoftax": 1654000000,
        "revenues": 659000000,
        "costofrevenue": 2847000000,
        "grossprofit": 4063000000,
        "researchanddevelopmentexpense": 1463000000,
        "sellinggeneralandadministrativeexpense": 663000000,
        "restructuringcharges": 3000000,
        "operatingexpenses": 2129000000,
        "operatingincomeloss": -9000000,
        "investmentincomeinterest": 54000000,
        "interestexpense": 58000000,
        "othernonoperatingincomeexpense": -25000000,
        "incomelossfromcontinuingoperationsbeforeincometaxesminorityinterestandincomelossfromequitymethodinvestments": 1905000000,
        "incometaxexpensebenefit": 239000000,
        "earningspersharebasic": 3.08,
        "earningspersharediluted": 2.57,
        "weightedaveragenumberofsharesoutstandingbasic": 541000000,
        "weightedaveragenumberofdilutedsharesoutstanding": 649000000,
        "commonstockdividendspersharecashpaid": 0.485
    },
    {
        "date": "2016-01-30",
        "symbol": "NVDA",
        "period": "FY",
        "netincomeloss": 614000000,
        "availableforsalesecuritieschangeinnetunrealizedholdinggainlossnetoftax": -6000000,
        "othercomprehensiveincomelossderivativesqualifyingashedgesnetoftax": -4000000,
        "othercomprehensiveincomelossreclassificationadjustmentfromaociforsaleofsecuritiesnetoftax": 2000000,
        "othercomprehensiveincomelossnetoftax": -12000000,
        "comprehensiveincomenetoftax": 602000000,
        "revenues": 482000000,
        "costofrevenue": 2199000000,
        "grossprofit": 2811000000,
        "researchanddevelopmentexpense": 1331000000,
        "sellinggeneralandadministrativeexpense": 602000000,
        "restructuringcharges": 131000000,
        "operatingexpenses": 2064000000,
        "operatingincomeloss": -239000000,
        "investmentincomeinterest": 39000000,
        "interestexpense": 47000000,
        "othernonoperatingincomeexpense": 4000000,
        "incomelossfromcontinuingoperationsbeforeincometaxesminorityinterestandincomelossfromequitymethodinvestments": 743000000,
        "incometaxexpensebenefit": 129000000,
        "earningspersharebasic": 1.13,
        "earningspersharediluted": 1.08,
        "weightedaveragenumberofsharesoutstandingbasic": 543000000,
        "weightedaveragenumberofdilutedsharesoutstanding": 569000000,
        "commonstockdividendspersharecashpaid": 0.395
    },
    {
        "date": "2015-01-24",
        "symbol": "NVDA",
        "period": "FY",
        "netincomeloss": 630587000,
        "availableforsalesecuritieschangeinnetunrealizedholdinggainlossnetoftax": 3061000,
        "othercomprehensiveincomelossreclassificationadjustmentfromaociforsaleofsecuritiesnetoftax": 94000,
        "othercomprehensiveincomelossnetoftax": 2967000,
        "comprehensiveincomenetoftax": 633554000,
        "othercomprehensiveincomeunrealizedholdinggainlossonsecuritiesarisingduringperiodtax": -747000,
        "othercomprehensiveincomelossreclassificationadjustmentfromaociforsaleofsecuritiestax": 51000,
        "revenues": 368921000,
        "costofrevenue": 2082030000,
        "grossprofit": 2599477000,
        "researchanddevelopmentexpense": 1359725000,
        "sellinggeneralandadministrativeexpense": 480763000,
        "operatingexpenses": 1840488000,
        "operatingincomeloss": 758989000,
        "investmentincomeinterest": 28090000,
        "interestexpense": 46133000,
        "othernonoperatingincomeexpense": 13890000,
        "incomelossfromcontinuingoperationsbeforeincometaxesminorityinterestandincomelossfromequitymethodinvestments": 754836000,
        "incometaxexpensebenefit": 124249000,
        "earningspersharebasic": 1.14,
        "earningspersharediluted": 1.12,
        "weightedaveragenumberofsharesoutstandingbasic": 552319000,
        "weightedaveragenumberofdilutedsharesoutstanding": 563068000,
        "commonstockdividendspersharedeclared": 0.34
    },
    {
        "date": "2014-01-25",
        "symbol": "NVDA",
        "period": "FY",
        "othercomprehensiveincomeunrealizedholdinggainlossonsecuritiesarisingduringperiodtax": -134000,
        "othercomprehensiveincomelossreclassificationadjustmentforsaleofsecuritiesincludedinnetincometax": 834000,
        "netincomeloss": 439990000,
        "availableforsalesecuritieschangeinnetunrealizedholdinggainlossnetoftax": -3555000,
        "othercomprehensiveincomelossreclassificationadjustmentforsaleofsecuritiesincludedinnetincomenetoftax": -1549000,
        "othercomprehensiveincomelossnetoftax": -5104000,
        "comprehensiveincomenetoftax": 434886000,
        "revenues": 295160000,
        "costofrevenue": 1862399000,
        "grossprofit": 2267763000,
        "researchanddevelopmentexpense": 1335834000,
        "sellinggeneralandadministrativeexpense": 435702000,
        "operatingexpenses": 1771536000,
        "operatingincomeloss": -70468000,
        "investmentincomeinterest": 17119000,
        "interestexpense": 10443000,
        "othernonoperatingincomeexpense": 7351000,
        "incomelossfromcontinuingoperationsbeforeincometaxesminorityinterestandincomelossfromequitymethodinvestments": 510254000,
        "incometaxexpensebenefit": 70264000,
        "earningspersharebasic": 0.75,
        "earningspersharediluted": 0.74,
        "weightedaveragenumberofsharesoutstandingbasic": 587893000,
        "weightedaveragenumberofdilutedsharesoutstanding": 594517000,
        "commonstockdividendspersharedeclared": 0.31
    },
    {
        "date": "2013-01-26",
        "symbol": "NVDA",
        "period": "FY",
        "othercomprehensiveincomeunrealizedholdinggainlossonsecuritiesarisingduringperiodtax": -126000,
        "othercomprehensiveincomereclassificationadjustmentforsaleofsecuritiesincludedinnetincometax": 178000,
        "netincomeloss": 562536000,
        "availableforsalesecuritieschangeinnetunrealizedholdinggainlossnetoftax": -303000,
        "othercomprehensiveincomereclassificationadjustmentforsaleofsecuritiesincludedinnetincomenetoftax": -330000,
        "othercomprehensiveincomelossnetoftaxperiodincreasedecrease": -633000,
        "comprehensiveincomenetoftax": 561903000,
        "revenues": 780493000,
        "costofrevenue": 2053816000,
        "grossprofit": 2226343000,
        "researchanddevelopmentexpense": 1147282000,
        "sellinggeneralandadministrativeexpense": 430822000,
        "operatingexpenses": 1578104000,
        "operatingincomeloss": -78605000,
        "investmentincomeinterest": 19908000,
        "interestexpense": 3294000,
        "othernonoperatingincomeexpense": -2814000,
        "incomelossfromcontinuingoperationsbeforeincometaxesminorityinterestandincomelossfromequitymethodinvestments": 662039000,
        "incometaxexpensebenefit": 99503000,
        "earningspersharebasic": 0.91,
        "weightedaveragenumberofsharesoutstandingbasic": 619324000,
        "earningspersharediluted": 0.9,
        "weightedaveragenumberofdilutedsharesoutstanding": 624957000,
        "commonstockdividendspersharedeclared": 0.075
    },
    {
        "date": "2012-01-28",
        "symbol": "NVDA",
        "period": "FY",
        "revenues": 591166000,
        "costofrevenue": 1941413000,
        "grossprofit": 2056517000,
        "researchanddevelopmentexpense": 1002605000,
        "sellinggeneralandadministrativeexpense": 405613000,
        "operatingexpenses": 1408218000,
        "operatingincomeloss": 528242000,
        "investmentincomeinterest": 19149000,
        "interestexpense": 3089000,
        "othernonoperatingincomeexpense": -963000,
        "incomelossfromcontinuingoperationsbeforeincometaxesminorityinterestandincomelossfromequitymethodinvestments": 663396000,
        "incometaxexpensebenefit": 82306000,
        "netincomeloss": 581090000,
        "earningspersharebasic": 0.96,
        "weightedaveragenumberofsharesoutstandingbasic": 603646000,
        "earningspersharediluted": 0.94,
        "weightedaveragenumberofdilutedsharesoutstanding": 616371000,
        "stockholdersequity": 700000,
        "commonstocksharesoutstanding": 612191412,
        "othercomprehensiveincomeunrealizedholdinggainlossonsecuritiesarisingduringperiodnetoftax": 755000,
        "othercomprehensiveincomereclassificationadjustmentforsaleofsecuritiesincludedinnetincomenetoftax": -413000,
        "comprehensiveincomenetoftaxincludingportionattributabletononcontrollinginterest": 581432000,
        "stockissuedduringperiodsharesemployeestockownershipplan": 24753362,
        "stockissuedduringperiodvalueemployeestockownershipplan": 213369000,
        "sharespaidfortaxwithholdingforsharebasedcompensation": -1117651,
        "adjustmentsrelatedtotaxwithholdingforsharebasedcompensation": -17512000,
        "taxbenefitfromstockoptionsexercised": 50475000,
        "allocatedsharebasedcompensationexpense": 136498000,
        "othercomprehensiveincomeunrealizedholdinggainlossonsecuritiesarisingduringperiodtax": 937,
        "othercomprehensiveincomereclassificationadjustmentforsaleofsecuritiesincludedinnetincometax": 222
    },
    {
        "date": "2011-01-29",
        "symbol": "NVDA",
        "period": "FY",
        "othercomprehensiveincomeunrealizedholdinggainlossonsecuritiesarisingduringperiodtax": 306000,
        "othercomprehensiveincomereclassificationadjustmentforsaleofsecuritiesincludedinnetincometax": 528000,
        "revenues": 305154000,
        "costofrevenue": 2134219000,
        "grossprofit": 1409090000,
        "researchanddevelopmentexpense": 848830000,
        "sellinggeneralandadministrativeexpense": 361513000,
        "litigationsettlementgross": 57000000,
        "operatingexpenses": 1153343000,
        "operatingincomeloss": 57000000,
        "investmentincomeinterest": 19057000,
        "interestexpense": 3127000,
        "othernonoperatingincomeexpense": -508000,
        "incomelossfromcontinuingoperationsbeforeincometaxesminorityinterestandincomelossfromequitymethodinvestments": 271169000,
        "incometaxexpensebenefit": 18023000,
        "netincomeloss": 253146000,
        "earningspersharebasic": 0.44,
        "weightedaveragenumberofsharesoutstandingbasic": 575177,
        "earningspersharediluted": 0.43,
        "weightedaveragenumberofdilutedsharesoutstanding": 588684,
        "stockholdersequity": 2149328000,
        "sharesissued": 588555701,
        "othercomprehensiveincomeunrealizedholdinggainlossonsecuritiesarisingduringperiodnetoftax": -918000,
        "othercomprehensiveincomereclassificationadjustmentforsaleofsecuritiesincludedinnetincomenetoftax": 982000,
        "comprehensiveincomenetoftaxincludingportionattributabletononcontrollinginterest": 251246000,
        "stockissuedduringperiodvalueemployeestockownershipplan": 193405000,
        "stockissuedduringperiodsharesemployeestockownershipplan": 28207029,
        "treasurystockvalueacquiredcostmethod": -16124000,
        "treasurystocksharesacquired": -1117179,
        "adjustmentstoadditionalpaidincapitaltaxeffectfromsharebasedcompensation": -14201000,
        "stockissuedduringperiodvaluesharebasedcompensation": 101996000
    },
    {
        "date": "2010-01-30",
        "symbol": "NVDA",
        "period": "FY",
        "revenues": 3326445000,
        "costofrevenue": 2149522000,
        "grossprofit": 1176923000,
        "researchanddevelopmentexpense": 908851000,
        "sellinggeneralandadministrativeexpense": 367017000,
        "operatingexpenses": 1275868000,
        "operatingincomeloss": -98945000,
        "investmentincomeinterest": 23115000,
        "interestexpense": 3320000,
        "othernonoperatingincomeexpense": -3144000,
        "incomelossbeforeincometaxexpensebenefit": -82294000,
        "incometaxexpensebenefit": -14307000,
        "netincomeloss": -67987000,
        "earningspersharebasic": -0.12,
        "weightedaveragenumberofsharesoutstandingbasic": 549574,
        "earningspersharediluted": -0.12,
        "weightedaveragenumberofdilutedsharesoutstanding": 549574,
        "othercomprehensiveincomeunrealizedholdinggainlossonsecuritiesarisingduringperiodnetoftax": 9417000,
        "othercomprehensiveincomereclassificationadjustmentforsaleofsecuritiesincludedinnetincomenetoftax": -1110000,
        "stockissuedduringperiodvalueemployeestockownershipplan": 138029000,
        "stockissuedduringperiodsharesemployeestockownershipplan": 23005124,
        "treasurystocksharesacquired": -39,
        "adjustmentstoadditionalpaidincapitaltaxeffectfromsharebasedcompensation": 29891000,
        "stockissuedduringperiodvaluesharebasedcompensation": 104588000,
        "paymentsrelatedtostockoptionpurchase": -78075000,
        "stockoptionplanexpense": 135735000
    }
]