[
    {
        "date": "2022-12-31",
        "symbol": "WEN",
        "period": "FY",
        "revenuefromcontractwithcustomerexcludingassessedtax": 25729000,
        "operatingleaseleaseincome": 234465000,
        "revenues": 149500000,
        "costofgoodsandservicessold": 773169000,
        "franchisorcosts": 742000,
        "franchiserentalexpense": 124083000,
        "advertisingfundsexpense": 430760000,
        "generalandadministrativeexpense": 130103000,
        "depreciationdepletionandamortization": 69239000,
        "amortizationofcloudcomputingarrangements": 2394000,
        "gainlossonsaleofpropertyplantequipment": 4318000,
        "restructuringcharges": 611000,
        "assetimpairmentcharges": 693000,
        "otheroperatingincomeexpensenet": 9001000,
        "costsandexpenses": 1742191000,
        "operatingincomeloss": 619630000,
        "interestexpense": 110751000,
        "investmentincomenet": 2107000,
        "othernonoperatingincomeexpense": 10403000,
        "incomelossfromcontinuingoperationsbeforeincometaxesextraordinaryitemsnoncontrollinginterest": 243505000,
        "incometaxexpensebenefit": 66135000,
        "netincomeloss": 177370000,
        "earningspersharebasic": 0.83,
        "earningspersharediluted": 0.82,
        "othercomprehensiveincomelossforeigncurrencytransactionandtranslationadjustmentnetoftax": -2759000,
        "othercomprehensiveincomelossnetoftax": -15976000,
        "comprehensiveincomenetoftax": 161394000
    },
    {
        "date": "2022-01-01",
        "symbol": "WEN",
        "period": "FY",
        "revenuefromcontractwithcustomerexcludingassessedtax": 23927000,
        "operatingleaseleaseincome": 236655000,
        "revenues": 125001000,
        "costofgoodsandservicessold": 611680000,
        "franchisorcosts": 753000,
        "franchiserentalexpense": 132411000,
        "advertisingfundsexpense": 411751000,
        "generalandadministrativeexpense": 116273000,
        "depreciationdepletionandamortization": 68298000,
        "gainlossonsaleofpropertyplantequipment": 1526000,
        "restructuringcharges": 6852000,
        "assetimpairmentcharges": 200000,
        "otheroperatingincomeexpensenet": 394000,
        "costsandexpenses": 1530038000,
        "operatingincomeloss": 583616000,
        "interestexpense": 98356000,
        "gainslossesonextinguishmentofdebt": -17917000,
        "investmentincomenet": 39000,
        "othernonoperatingincomeexpense": 681000,
        "incomelossfromcontinuingoperationsbeforeincometaxesextraordinaryitemsnoncontrollinginterest": 240578000,
        "incometaxexpensebenefit": -11766000,
        "netincomeloss": 200392000,
        "earningspersharebasic": 0.91,
        "earningspersharediluted": 0.89,
        "othercomprehensiveincomelossforeigncurrencytransactionandtranslationadjustmentnetoftax": 430000,
        "othercomprehensiveincomelossnetoftax": 1441000,
        "comprehensiveincomenetoftax": 201833000
    },
    {
        "date": "2021-01-02",
        "symbol": "WEN",
        "period": "FY",
        "revenuefromcontractwithcustomerexcludingassessedtax": 722764000,
        "operatingleaseleaseincome": 232648000,
        "revenues": 1733825000,
        "costofgoodsandservicessold": 614907000,
        "franchisorcosts": 26464000,
        "franchiserentalexpense": 125613000,
        "advertisingfundsexpense": 345360000,
        "generalandadministrativeexpense": 206876000,
        "depreciationandamortization": 132775000,
        "gainlossonsaleofpropertyplantequipment": 3148000,
        "restructuringcharges": 16030000,
        "assetimpairmentcharges": 8037000,
        "otheroperatingincomeexpensenet": 8397000,
        "costsandexpenses": 1464517000,
        "operatingincomeloss": 269308000,
        "interestexpense": 117737000,
        "investmentincomenet": -225000,
        "othernonoperatingincomeexpense": 1449000,
        "incomelossfromcontinuingoperationsbeforeincometaxesextraordinaryitemsnoncontrollinginterest": 152795000,
        "incometaxexpensebenefit": 34963000,
        "netincomeloss": 117832000,
        "earningspersharebasic": 0.53,
        "earningspersharediluted": 0.52,
        "othercomprehensiveincomelossforeigncurrencytransactionandtranslationadjustmentnetoftax": 4187000,
        "othercomprehensiveincomelossnetoftax": 4187000,
        "comprehensiveincomenetoftax": 122019000
    },
    {
        "date": "2019-12-28",
        "symbol": "WEN",
        "period": "FY",
        "netincomeloss": 136940000,
        "othercomprehensiveincomelossforeigncurrencytransactionandtranslationadjustmentnetoftax": 7845000,
        "othercomprehensiveincomelossnetoftax": 7845000,
        "comprehensiveincomenetoftax": 144785000,
        "revenuefromcontractwithcustomerexcludingassessedtax": 707485000,
        "operatingleaseleaseincome": 233065000,
        "revenues": 1709002000,
        "costofgoodsandservicessold": 597530000,
        "franchisorcosts": 43686000,
        "franchiserentalexpense": 123929000,
        "advertisingfundsexpense": 338116000,
        "generalandadministrativeexpense": 200206000,
        "depreciationandamortization": 131693000,
        "gainlossonsaleofpropertyplantequipment": 1283000,
        "restructuringcharges": 16965000,
        "assetimpairmentcharges": 6999000,
        "otheroperatingincomeexpensenet": 11418000,
        "costsandexpenses": 1446423000,
        "operatingincomeloss": 262579000,
        "interestexpense": 115971000,
        "gainslossesonextinguishmentofdebt": -8496000,
        "investmentincomenet": 25598000,
        "othernonoperatingincomeexpense": 7771000,
        "incomelossfromcontinuingoperationsbeforeincometaxesextraordinaryitemsnoncontrollinginterest": 171481000,
        "incometaxexpensebenefit": 34541000,
        "earningspersharebasic": 0.6,
        "earningspersharediluted": 0.58
    },
    {
        "date": "2018-12-29",
        "symbol": "WEN",
        "period": "FY",
        "netincomeloss": 460115000,
        "othercomprehensiveincomelossforeigncurrencytransactionandtranslationadjustmentnetoftax": -3041000,
        "othercomprehensiveincomelossreclassificationadjustmentfromaocipensionandotherpostretirementbenefitplansbeforetax": 156000,
        "othercomprehensiveincomelosspensionandotherpostretirementbenefitplanstax": -39000,
        "othercomprehensiveincomelossfinalizationofpensionandnonpensionpostretirementplanvaluationnetoftax": 932000,
        "othercomprehensiveincomelosspensionandotherpostretirementbenefitplansadjustmentnetoftax": -1049000,
        "othercomprehensiveincomelossnetoftax": -15475000,
        "comprehensiveincomenetoftax": 444640000,
        "salesrevenuegoodsnet": 651577000,
        "franchiserevenue": -525000,
        "operatingleasesincomestatementleaserevenue": 177076000,
        "advertisingfundsrevenue": 306442000,
        "revenues": 19671000,
        "costofgoodssold": 548588000,
        "franchisecosts": 25203000,
        "franchiserentalexpense": 91104000,
        "advertisingfundsexpense": -321866000,
        "generalandadministrativeexpense": 217489000,
        "depreciationandamortization": 90612000,
        "gainlossonsaleofpropertyplantequipment": -71000,
        "restructuringcharges": 283000,
        "assetimpairmentcharges": 354000,
        "otheroperatingincomeexpensenet": 6387000,
        "costsandexpenses": -321866000,
        "operatingincomeloss": -525000,
        "interestexpense": 119618000,
        "gainslossesonextinguishmentofdebt": -11475000,
        "investmentincomenet": 450736000,
        "othernonoperatingincomeexpense": 5381000,
        "incomelossfromcontinuingoperationsbeforeincometaxesextraordinaryitemsnoncontrollinginterest": -525000,
        "incometaxexpensebenefit": 2159000,
        "earningspersharebasic": 1.93,
        "earningspersharediluted": 1.88
    },
    {
        "date": "2017-12-30",
        "symbol": "WEN",
        "period": "FY",
        "netincomeloss": 194029000,
        "othercomprehensiveincomelossforeigncurrencytransactionandtranslationadjustmentnetoftax": 4583000,
        "othercomprehensiveincomelosspensionandotherpostretirementbenefitplansadjustmentnetoftax": -96000,
        "othercomprehensiveincomelossderivativesqualifyingashedgesnetoftax": 1797000,
        "othercomprehensiveincomelossnetoftax": 17043000,
        "comprehensiveincomenetoftax": 211072000,
        "othercomprehensiveincomelosspensionandotherpostretirementbenefitplanstax": -60000,
        "othercomprehensiveincomelossderivativesqualifyingashedgestax": 1097000,
        "salesrevenuegoodsnet": 622802000,
        "franchiserevenue": 410503000,
        "franchiserentalincome": 190103000,
        "revenues": 18104000,
        "costofgoodssold": 512947000,
        "franchiserentalexpense": 88015000,
        "generalandadministrativeexpense": 208581000,
        "depreciationandamortization": 90971000,
        "gainlossonsaleofpropertyplantequipment": 2018000,
        "restructuringcharges": 911000,
        "assetimpairmentcharges": 684000,
        "otheroperatingincomeexpensenet": -7673000,
        "costsandexpenses": 1008650000,
        "operatingincomeloss": 214758000,
        "interestexpense": 118059000,
        "investmentincomenet": 2703000,
        "othernonoperatingincomeexpense": 1617000,
        "incomelossfromcontinuingoperationsbeforeincometaxesextraordinaryitemsnoncontrollinginterest": 101019000,
        "incometaxexpensebenefit": -140379000,
        "incomelossfromcontinuingoperations": 194029000,
        "incomelossfromcontinuingoperationsperbasicshare": 0.79,
        "earningspersharebasic": 0.79,
        "incomelossfromcontinuingoperationsperdilutedshare": 0.77,
        "earningspersharediluted": 0.77
    },
    {
        "date": "2016-12-31",
        "symbol": "WEN",
        "period": "FY",
        "profitloss": 129624000,
        "othercomprehensiveincomelossforeigncurrencytransactionandtranslationadjustmentnetoftax": 1907000,
        "othercomprehensiveincomelosspensionandotherpostretirementbenefitplansadjustmentnetoftax": 56000,
        "othercomprehensiveincomelossderivativesqualifyingashedgesnetoftax": 1774000,
        "othercomprehensiveincomelossnetoftax": 7582000,
        "comprehensiveincomenetoftaxincludingportionattributabletononcontrollinginterest": 137206000,
        "othercomprehensiveincomelosspensionandotherpostretirementbenefitplanstax": -34000,
        "othercomprehensiveincomelossderivativesqualifyingashedgestax": -1120000,
        "salesrevenuegoodsnet": 920758000,
        "franchiserevenue": 371545000,
        "franchiserentalincome": 143115000,
        "revenues": 16114000,
        "costofgoodssold": 744701000,
        "franchiserentalexpense": 67760000,
        "generalandadministrativeexpense": 245869000,
        "depreciationandamortization": 92286000,
        "gainlossonsaleofpropertyplantequipment": 71931000,
        "restructuringcharges": 9391000,
        "assetimpairmentcharges": 313000,
        "otheroperatingincomeexpensenet": 14789000,
        "costsandexpenses": 1120638000,
        "operatingincomeloss": 314780000,
        "interestexpense": 114802000,
        "investmentincomenet": 723000,
        "othernonoperatingincomeexpense": 989000,
        "incomelossfromcontinuingoperationsbeforeincometaxesextraordinaryitemsnoncontrollinginterest": 201690000,
        "incometaxexpensebenefit": 72066000,
        "incomelossfromcontinuingoperations": 129624000,
        "netincomeloss": 129624000,
        "incomelossfromcontinuingoperationsperbasicshare": 0.49,
        "earningspersharebasic": 0.49,
        "incomelossfromcontinuingoperationsperdilutedshare": 0.49,
        "earningspersharediluted": 0.49
    },
    {
        "date": "2016-01-02",
        "symbol": "WEN",
        "period": "FY",
        "profitloss": 161142000,
        "othercomprehensiveincomelossforeigncurrencytransactionandtranslationadjustmentnetoftax": -11111000,
        "othercomprehensiveincomelosspensionandotherpostretirementbenefitplansadjustmentnetoftax": 202000,
        "othercomprehensiveincomelossderivativesqualifyingashedgesnetoftax": -1527000,
        "othercomprehensiveincomelossnetoftax": -39529000,
        "comprehensiveincomenetoftaxincludingportionattributabletononcontrollinginterest": 121613000,
        "comprehensiveincomenetoftax": 121613000,
        "othercomprehensiveincomelosspensionandotherpostretirementbenefitplanstax": -125000,
        "othercomprehensiveincomelossderivativesqualifyingashedgestax": 918000,
        "salesrevenuegoodsnet": 1438802000,
        "franchiserevenue": 431495000,
        "revenues": 17163000,
        "costofgoodssold": 1184073000,
        "generalandadministrativeexpense": 256553000,
        "depreciationandamortization": 145051000,
        "gainlossonsaleofpropertyplantequipment": 74009000,
        "restructuringcharges": 11568000,
        "assetimpairmentcharges": 2655000,
        "otheroperatingincomeexpensenet": -37248000,
        "costsandexpenses": 1595827000,
        "operatingincomeloss": 274470000,
        "interestexpense": 86067000,
        "gainslossesonextinguishmentofdebt": -7295000,
        "investmentincomenet": 52214000,
        "othernonoperatingincomeexpense": 806000,
        "incomelossfromcontinuingoperationsbeforeincometaxesextraordinaryitemsnoncontrollinginterest": 234128000,
        "incometaxexpensebenefit": 94149000,
        "incomelossfromcontinuingoperationsincludingportionattributabletononcontrollinginterest": 139979000,
        "discontinuedoperationincomelossfromdiscontinuedoperationduringphaseoutperiodnetoftax": 10494000,
        "discontinuedoperationgainlossondisposalofdiscontinuedoperationnetoftax": 10669000,
        "incomelossfromdiscontinuedoperationsnetoftax": 21163000,
        "netincomeloss": 161142000,
        "incomelossfromcontinuingoperationsperbasicshare": 0.43,
        "incomelossfromdiscontinuedoperationsnetoftaxperbasicshare": 0.07,
        "earningspersharebasic": 0.5,
        "incomelossfromcontinuingoperationsperdilutedshare": 0.43,
        "incomelossfromdiscontinuedoperationsnetoftaxperdilutedshare": 0.06,
        "earningspersharediluted": 0.49
    },
    {
        "date": "2014-12-27",
        "symbol": "WEN",
        "period": "FY",
        "profitloss": 121434000,
        "othercomprehensiveincomelossforeigncurrencytransactionandtranslationadjustmentnetoftax": -6300000,
        "othercomprehensiveincomelosspensionandotherpostretirementbenefitplansadjustmentnetoftax": -391000,
        "othercomprehensiveincomeunrealizedgainlossonderivativesarisingduringperiodnetoftax": -2788000,
        "othercomprehensiveincomelossnetoftax": -20957000,
        "comprehensiveincomenetoftaxincludingportionattributabletononcontrollinginterest": 100477000,
        "comprehensiveincomenetoftax": 100477000,
        "othercomprehensiveincomelosspensionandotherpostretirementbenefitplanstax": -160000,
        "othercomprehensiveincomeunrealizedgainlossonderivativesarisingduringperiodtax": -1767000,
        "salesrevenuegoodsnet": 1670247000,
        "franchiserevenue": 390816000,
        "revenues": 16546000,
        "costofgoodssold": 1400796000,
        "generalandadministrativeexpense": 10567000,
        "depreciationandamortizationexcludingfacilitiesactioncharges": 159353000,
        "restructuringcharges": -42026000,
        "assetimpairmentcharges": 2474000,
        "otheroperatingincomeexpensenet": -306000,
        "costsandexpenses": 10873000,
        "operatingincomeloss": 251508000,
        "interestexpense": 52192000,
        "investmentincomenet": 1199000,
        "othernonoperatingincomeexpense": 754000,
        "incomelossfromcontinuingoperationsbeforeincometaxesextraordinaryitemsnoncontrollinginterest": 102137000,
        "incometaxexpensebenefit": 79835000,
        "incomelossfromcontinuingoperationsincludingportionattributabletononcontrollinginterest": 121434000,
        "netincomeloss": 121434000,
        "incomelossfromcontinuingoperationsperbasicshare": 0.33,
        "earningspersharebasic": 0.33,
        "incomelossfromcontinuingoperationsperdilutedshare": 0.32,
        "earningspersharediluted": 0.32
    },
    {
        "date": "2013-12-28",
        "symbol": "WEN",
        "period": "FY",
        "profitloss": 45487000,
        "othercomprehensiveincomelossforeigncurrencytransactionandtranslationadjustmentnetoftax": -17000000,
        "othercomprehensiveincomelosspensionandotherpostretirementbenefitplansadjustmentnetoftax": 62000,
        "othercomprehensiveincomelossderivativesqualifyingashedgesnetoftax": 744000,
        "othercomprehensiveincomelossnetoftax": -16318000,
        "comprehensiveincomenetoftaxincludingportionattributabletononcontrollinginterest": 29043000,
        "comprehensiveincomenetoftaxattributabletononcontrollinginterest": -126000,
        "comprehensiveincomenetoftax": 29169000,
        "othercomprehensiveincomelosspensionandotherpostretirementbenefitplanstax": -37000,
        "othercomprehensiveincomeunrealizedgainlossonderivativesarisingduringperiodtax": -468000,
        "salesrevenuegoodsnet": 2165829000,
        "franchiserevenue": 321581000,
        "revenues": 18319000,
        "costofgoodssold": 1839740000,
        "generalandadministrativeexpense": 10381000,
        "depreciationandamortizationexcludingfacilitiesactioncharges": 182359000,
        "restructuringcharges": 330000,
        "assetimpairmentcharges": 10552000,
        "goodwillimpairmentloss": 9397000,
        "otheroperatingincomeexpensenet": 23000,
        "costsandexpenses": 13790000,
        "operatingincomeloss": 135142000,
        "interestexpense": 69012000,
        "gainslossesonextinguishmentofdebt": -28563000,
        "investmentincomenet": 23565000,
        "othernonoperatingincomeexpense": -2080000,
        "incomelossfromcontinuingoperationsbeforeincometaxesextraordinaryitemsnoncontrollinginterest": 7326000,
        "incometaxexpensebenefit": -38427000,
        "incomelossfromcontinuingoperationsincludingportionattributabletononcontrollinginterest": 44898000,
        "incomelossnetoftaxfromdiscontinuedoperations": -266000,
        "incomelossfromdiscontinuedoperationsnetoftax": -266000,
        "netincomelossattributabletononcontrollinginterest": -855000,
        "netincomeloss": 45487000,
        "incomelossfromcontinuingoperationsperbasicshare": 0.12,
        "earningspersharebasic": 0.12,
        "incomelossfromcontinuingoperationsperdilutedshare": 0.11,
        "earningspersharediluted": 0.11
    },
    {
        "date": "2012-12-29",
        "symbol": "WEN",
        "period": "FY",
        "othercomprehensiveincomelosspensionandotherpostretirementbenefitplanstax": -127000,
        "profitloss": 7083000,
        "netincomeloss": 7083000,
        "othercomprehensiveincomelossforeigncurrencytransactionandtranslationadjustmentnetoftax": 6096000,
        "othercomprehensiveincomelosspensionandotherpostretirementbenefitplansadjustmentnetoftax": 217000,
        "othercomprehensiveincomelossnetoftax": 5879000,
        "comprehensiveincomenetoftaxincludingportionattributabletononcontrollinginterest": 15346000,
        "netincomelossattributabletononcontrollinginterest": 2384000,
        "comprehensiveincomenetoftax": 12962000,
        "salesrevenuegoodsnet": 2218199000,
        "franchiserevenue": 306919000,
        "revenues": 29708000,
        "costofgoodssold": 1881248000,
        "generalandadministrativeexpense": 10911000,
        "depreciationdepletionandamortization": 1975000,
        "impairmentoflonglivedassetsheldforuse": 1628000,
        "otherrestructuringcosts": 41031000,
        "otheroperatingincomeexpensenet": 953000,
        "costsandexpenses": 20794000,
        "operatingincomeloss": 122747000,
        "interestexpense": 98604000,
        "gainslossesonextinguishmentofdebt": -75076000,
        "investmentincomenet": 36243000,
        "othernonoperatingincomeexpense": 1565000,
        "incomelossfromcontinuingoperationsbeforeincometaxesextraordinaryitemsnoncontrollinginterest": 8914000,
        "incometaxexpensebenefit": -3340000,
        "incomelossfromcontinuingoperationsincludingportionattributabletononcontrollinginterest": 7958000,
        "discontinuedoperationsnetincomelossfromdiscontinuedoperations": 1951000,
        "discontinuedoperationgainlossondisposalofdiscontinuedoperationnetoftax": -442000,
        "incomelossfromdiscontinuedoperationsnetoftaxattributabletoreportingentity": 1509000,
        "incomelossfromcontinuingoperationsperbasicanddilutedshare": 0.02,
        "earningspersharebasicanddiluted": 0.02,
        "commonstockdividendspersharecashpaid": 0.1
    },
    {
        "date": "2011-12-31",
        "symbol": "WEN",
        "period": "FY",
        "salesrevenuegoodsnet": 235598000,
        "franchiserevenue": 19085000,
        "revenues": 21115000,
        "costofgoodssold": 1608896000,
        "generalandadministrativeexpense": 10476000,
        "depreciationdepletionandamortization": 627000,
        "impairmentoflonglivedassetsandfinitelivedintangibleassetsheldforuse": 537000,
        "retentionprogramandothertransactionrelatedcosts": 1234000,
        "otheroperatingincomeexpensenet": -960000,
        "costsandexpenses": 13297000,
        "operatingincomeloss": 188648000,
        "interestexpense": 22734000,
        "investmentincomenet": 8000,
        "othernonoperatingincomeexpense": -16621000,
        "incomelossfromcontinuingoperationsbeforeincometaxesextraordinaryitemsnoncontrollinginterest": 7818000,
        "incometaxexpensebenefit": -10094000,
        "incomelossfromcontinuingoperationsincludingportionattributabletononcontrollinginterest": -97108000,
        "discontinuedoperationincomelossfromdiscontinuedoperationduringphaseoutperiodnetoftax": 101000,
        "discontinuedoperationgainlossondisposalofdiscontinuedoperationnetoftax": -8799000,
        "incomelossfromdiscontinuedoperationsnetoftax": 101000,
        "profitloss": -97007000,
        "incomelossfromcontinuingoperationsperbasicanddilutedshare": 0.04,
        "incomelossfromdiscontinuedoperationsnetoftaxperbasicanddilutedshare": -0.02,
        "earningspersharebasicanddiluted": 0.02,
        "commonstockdividendspersharecashpaid": 0.08
    },
    {
        "date": "2011-01-01",
        "symbol": "WEN",
        "period": "FY",
        "salesrevenuegoodsgross": 3045317000,
        "franchiserevenue": 371097000,
        "revenues": 3416414000,
        "costofgoodssold": 2610761000,
        "generalandadministrativeexpense": 408419000,
        "depreciationdepletionandamortization": 180310000,
        "impairmentoflonglivedassetsheldforuse": 69477000,
        "othercostandexpenseoperating": 5147000,
        "costsandexpenses": 3274114000,
        "operatingincomeloss": 142300000,
        "interestexpense": 136193000,
        "gainslossesonextinguishmentofdebt": -26197000,
        "investmentincomenonoperating": 5261000,
        "othernonoperatingexpense": -2667000,
        "incomelossfromcontinuingoperationsbeforeincometaxesminorityinterestandincomelossfromequitymethodinvestments": -17423000,
        "incometaxexpensebenefit": -14785000,
        "incomelossfromcontinuingoperations": -4325000,
        "profitloss": -2638000,
        "basicanddilutedincomelosspersharecontinuingoperations": -0.01,
        "basicanddilutedincomelosspershare": -0.01,
        "commonstockdividendspersharecashpaid": 0.07
    }
]