[
    {
        "date": "2022-12-30",
        "symbol": "YUM",
        "period": "FY",
        "revenuefromcontractwithcustomerexcludingassessedtax": 740000000,
        "revenues": 3900000000,
        "costofgoodsandservicessold": 1745000000,
        "generalandadministrativeexpense": 7000000,
        "franchisorcosts": 123000000,
        "cooperativeadvertisingexpense": 1298000000,
        "gainlossondispositionofassets1": 10000000,
        "otheroperatingincomeexpensenet": -7000000,
        "costsandexpenses": 4655000000,
        "operatingincomeloss": -24000000,
        "investmentincomenet": 11000000,
        "otherpensionincomeexpense": 9000000,
        "interestincomeexpensenet": -527000000,
        "incomelossattributabletoparent": 1662000000,
        "incometaxexpensebenefit": 337000000,
        "netincomeloss": 1325000000,
        "earningspersharebasic": 4.63,
        "earningspersharediluted": 4.57,
        "commonstockdividendspersharedeclared": 2.28,
        "othercomprehensiveincomeforeigncurrencytransactionandtranslationgainlossbeforereclassificationandtax": -84000000,
        "othercomprehensiveincomelossforeigncurrencytransactionandtranslationadjustmentbeforetax": -84000000,
        "othercomprehensiveincomelossforeigncurrencytransactionandtranslationadjustmentnetoftax": -84000000,
        "othercomprehensiveincomelosspensionandotherpostretirementbenefitplansnetunamortizedgainlossarisingduringperiodbeforetax": -54000000,
        "othercomprehensiveincomelossreclassificationadjustmentfromaocipensionandotherpostretirementbenefitplansbeforetax": -34000000,
        "othercomprehensiveincomelosspensionandotherpostretirementbenefitplansadjustmentbeforetax": -81000000,
        "othercomprehensiveincomelosspensionandotherpostretirementbenefitplanstax": -21000000,
        "othercomprehensiveincomelosspensionandotherpostretirementbenefitplansadjustmentnetoftax": 60000000,
        "othercomprehensiveincomelosscashflowhedgegainlossbeforereclassificationandtax": 115000000,
        "othercomprehensiveincomelosscashflowhedgegainlossreclassificationbeforetax": 21000000,
        "othercomprehensiveincomelosscashflowhedgegainlossafterreclassificationbeforetax": 133000000,
        "othercomprehensiveincomelosscashflowhedgegainlossafterreclassificationtax": 33000000,
        "othercomprehensiveincomelosscashflowhedgegainlossafterreclassificationandtax": 100000000,
        "othercomprehensiveincomelossnetoftax": -44000000,
        "comprehensiveincomenetoftax": 1281000000
    },
    {
        "date": "2021-12-30",
        "symbol": "YUM",
        "period": "FY",
        "revenuefromcontractwithcustomerexcludingassessedtax": 687000000,
        "revenues": 3600000000,
        "costofgoodsandservicessold": 1725000000,
        "generalandadministrativeexpense": -260000000,
        "franchisorcosts": 117000000,
        "cooperativeadvertisingexpense": 1264000000,
        "gainlossondispositionofassets1": 6000000,
        "otheroperatingincomeexpensenet": -2000000,
        "costsandexpenses": 4445000000,
        "operatingincomeloss": 2000000,
        "investmentincomenet": 86000000,
        "otherpensionincomeexpense": 7000000,
        "interestincomeexpensenet": -544000000,
        "incomelossattributabletoparent": 1674000000,
        "incometaxexpensebenefit": 99000000,
        "netincomeloss": 1575000000,
        "earningspersharebasic": 5.3,
        "earningspersharediluted": 5.21,
        "commonstockdividendspersharedeclared": 2,
        "othercomprehensiveincomeforeigncurrencytransactionandtranslationgainlossbeforereclassificationandtax": -24000000,
        "othercomprehensiveincomelossforeigncurrencytransactionandtranslationadjustmentbeforetax": -24000000,
        "othercomprehensiveincomelossforeigncurrencytransactionandtranslationadjustmentnetoftax": -24000000,
        "othercomprehensiveincomelosspensionandotherpostretirementbenefitplansnetunamortizedgainlossarisingduringperiodbeforetax": 49000000,
        "othercomprehensiveincomelossreclassificationadjustmentfromaocipensionandotherpostretirementbenefitplansbeforetax": -16000000,
        "othercomprehensiveincomelosspensionandotherpostretirementbenefitplansadjustmentbeforetax": 81000000,
        "othercomprehensiveincomelosspensionandotherpostretirementbenefitplanstax": 19000000,
        "othercomprehensiveincomelosspensionandotherpostretirementbenefitplansadjustmentnetoftax": -62000000,
        "othercomprehensiveincomelosscashflowhedgegainlossbeforereclassificationandtax": 34000000,
        "othercomprehensiveincomelosscashflowhedgegainlossreclassificationbeforetax": -1000000,
        "othercomprehensiveincomelosscashflowhedgegainlossafterreclassificationbeforetax": 62000000,
        "othercomprehensiveincomelosscashflowhedgegainlossafterreclassificationtax": 14000000,
        "othercomprehensiveincomelosscashflowhedgegainlossafterreclassificationandtax": 48000000,
        "othercomprehensiveincomelossnetoftax": 86000000,
        "comprehensiveincomenetoftax": 1661000000
    },
    {
        "date": "2020-12-30",
        "symbol": "YUM",
        "period": "FY",
        "revenuefromcontractwithcustomerexcludingassessedtax": 1810000000,
        "revenues": 5652000000,
        "costofgoodsandservicessold": 1506000000,
        "generalandadministrativeexpense": 1064000000,
        "franchisorcosts": 145000000,
        "cooperativeadvertisingexpense": 1314000000,
        "gainlossondispositionofassets1": 34000000,
        "otheroperatingincomeexpensenet": -154000000,
        "operatingexpenses": 4149000000,
        "operatingincomeloss": 1503000000,
        "investmentincomenet": 74000000,
        "otherpensionincomeexpense": 14000000,
        "interestincomeexpensenet": -543000000,
        "incomelossattributabletoparent": 1020000000,
        "incometaxexpensebenefit": 116000000,
        "netincomeloss": 904000000,
        "earningspersharebasic": 2.99,
        "earningspersharediluted": 2.94,
        "commonstockdividendspersharedeclared": 1.88,
        "othercomprehensiveincomeforeigncurrencytransactionandtranslationgainlossbeforereclassificationandtax": 39000000,
        "othercomprehensiveincomelossforeigncurrencytransactionandtranslationadjustmentbeforetax": 39000000,
        "othercomprehensiveincomelossforeigncurrencytransactionandtranslationadjustmentnetoftax": 39000000,
        "othercomprehensiveincomelosspensionandotherpostretirementbenefitplansnetunamortizedgainlossarisingduringperiodbeforetax": -8000000,
        "othercomprehensiveincomelossreclassificationadjustmentfromaocipensionandotherpostretirementbenefitplansbeforetax": 18000000,
        "othercomprehensiveincomelosspensionandotherpostretirementbenefitplansadjustmentbeforetax": -10000000,
        "othercomprehensiveincomelosspensionandotherpostretirementbenefitplanstax": -2000000,
        "othercomprehensiveincomelosspensionandotherpostretirementbenefitplansadjustmentnetoftax": -8000000,
        "othercomprehensiveincomeunrealizedgainlossonderivativesarisingduringperiodbeforetax": -99000000,
        "othercomprehensiveincomelossreclassificationadjustmentfromaocionderivativesbeforetax": -6000000,
        "othercomprehensiveincomelossderivativesqualifyingashedgesbeforetax": -93000000,
        "othercomprehensiveincomelossderivativesqualifyingashedgestax": -23000000,
        "othercomprehensiveincomelossderivativesqualifyingashedgesnetoftax": -70000000,
        "othercomprehensiveincomelossnetoftax": -23000000,
        "comprehensiveincomenetoftax": 881000000
    },
    {
        "date": "2019-12-30",
        "symbol": "YUM",
        "period": "FY",
        "netincomeloss": 1294000000,
        "profitloss": 1294000000,
        "othercomprehensiveincomeforeigncurrencytransactionandtranslationgainlossbeforereclassificationandtax": 28000000,
        "othercomprehensiveincomelossforeigncurrencytransactionandtranslationadjustmentbeforetax": 28000000,
        "othercomprehensiveincomelossforeigncurrencytranslationadjustmenttax": 4000000,
        "othercomprehensiveincomelossforeigncurrencytransactionandtranslationadjustmentnetoftax": 24000000,
        "othercomprehensiveincomelosspensionandotherpostretirementbenefitplansnetunamortizedgainlossarisingduringperiodbeforetax": -39000000,
        "othercomprehensiveincomelossreclassificationadjustmentfromaocipensionandotherpostretirementbenefitplansbeforetax": 10000000,
        "othercomprehensiveincomelosspensionandotherpostretirementbenefitplansadjustmentbeforetax": 29000000,
        "othercomprehensiveincomelosspensionandotherpostretirementbenefitplanstax": 7000000,
        "othercomprehensiveincomelosspensionandotherpostretirementbenefitplansadjustmentnetoftax": 22000000,
        "othercomprehensiveincomeunrealizedgainlossonderivativesarisingduringperiodbeforetax": -51000000,
        "othercomprehensiveincomelossreclassificationadjustmentfromaocionderivativesbeforetax": 25000000,
        "othercomprehensiveincomelossderivativesqualifyingashedgesbeforetax": -76000000,
        "othercomprehensiveincomelossreclassificationadjustmentfromaocionderivativestax": 20000000,
        "othercomprehensiveincomelossderivativesqualifyingashedgesnetoftax": -56000000,
        "othercomprehensiveincomelossnetoftax": -54000000,
        "comprehensiveincomenetoftax": 1240000000,
        "otheroperatingincomeexpensenet": -4000000,
        "revenuefromcontractwithcustomerexcludingassessedtax": 1546000000,
        "revenues": 5597000000,
        "costofgoodsandservicessold": 1235000000,
        "generalandadministrativeexpense": 917000000,
        "franchisorcosts": 180000000,
        "cooperativeadvertisingexpense": 1368000000,
        "closuresandimpairmentexpenses": 5000000,
        "operatingexpenses": 3667000000,
        "operatingincomeloss": 1930000000,
        "investmentincomenet": -67000000,
        "otherpensionincomeexpense": 4000000,
        "interestincomeexpensenet": -486000000,
        "incomelossincludingportionattributabletononcontrollinginterest": 1373000000,
        "incometaxexpensebenefit": 79000000,
        "incomelossfromcontinuingoperations": 1294000000,
        "earningspersharebasic": 4.23,
        "earningspersharediluted": 4.14,
        "commonstockdividendspersharedeclared": 1.68
    },
    {
        "date": "2018-12-30",
        "symbol": "YUM",
        "period": "FY",
        "netincomeloss": 1542000000,
        "profitloss": 1542000000,
        "othercomprehensiveincomeforeigncurrencytransactionandtranslationgainlossbeforereclassificationandtax": -94000000,
        "othercomprehensiveincomelossforeigncurrencytransactionandtranslationreclassificationadjustmentfromaocirealizeduponsaleorliquidationbeforetax": 4000000,
        "othercomprehensiveincomelossforeigncurrencytransactionandtranslationadjustmentbeforetax": -98000000,
        "othercomprehensiveincomelossforeigncurrencytranslationadjustmenttax": -6000000,
        "othercomprehensiveincomelossforeigncurrencytransactionandtranslationadjustmentnetoftax": -92000000,
        "othercomprehensiveincomelosspensionandotherpostretirementbenefitplansnetunamortizedgainlossarisingduringperiodbeforetax": 32000000,
        "othercomprehensiveincomelossreclassificationadjustmentfromaocipensionandotherpostretirementbenefitplansbeforetax": 22000000,
        "othercomprehensiveincomelosspensionandotherpostretirementbenefitplansadjustmentbeforetax": -54000000,
        "othercomprehensiveincomelosspensionandotherpostretirementbenefitplanstax": -13000000,
        "othercomprehensiveincomelosspensionandotherpostretirementbenefitplansadjustmentnetoftax": -41000000,
        "othercomprehensiveincomeunrealizedgainlossonderivativesarisingduringperiodbeforetax": 19000000,
        "othercomprehensiveincomelossreclassificationadjustmentfromaocionderivativesbeforetax": 39000000,
        "othercomprehensiveincomelossderivativesqualifyingashedgesbeforetax": -20000000,
        "othercomprehensiveincomelossreclassificationadjustmentfromaocionderivativestax": 6000000,
        "othercomprehensiveincomelossderivativesqualifyingashedgesnetoftax": -14000000,
        "othercomprehensiveincomelossnetoftax": -65000000,
        "comprehensiveincomenetoftax": 1477000000,
        "revenuefromcontractwithcustomerexcludingassessedtax": 2000000000,
        "revenues": 5688000000,
        "costofgoodsandservicessold": 1634000000,
        "generalandadministrativeexpense": 895000000,
        "franchisorcosts": 188000000,
        "cooperativeadvertisingexpense": 1208000000,
        "closuresandimpairmentexpenses": 6000000,
        "gainlossondispositionofassets1": 540000000,
        "othernonoperatingincomeexpense": -7000000,
        "operatingexpenses": 1000000000,
        "operatingincomeloss": 2296000000,
        "investmentincomenet": 9000000,
        "otherpensionincomeexpense": 14000000,
        "interestincomeexpensenet": -452000000,
        "incomelossfromcontinuingoperationsbeforeincometaxesextraordinaryitemsnoncontrollinginterest": 1839000000,
        "incometaxexpensebenefit": 297000000,
        "incomelossfromcontinuingoperations": 1542000000,
        "earningspersharebasic": 4.8,
        "earningspersharediluted": 4.69,
        "commonstockdividendspersharedeclared": 1.44
    },
    {
        "date": "2017-12-30",
        "symbol": "YUM",
        "period": "FY",
        "netincomeloss": 1340000000,
        "profitloss": 1340000000,
        "othercomprehensiveincomeforeigncurrencytransactionandtranslationgainlossbeforereclassificationandtax": 115000000,
        "othercomprehensiveincomelossforeigncurrencytransactionandtranslationreclassificationadjustmentfromaocirealizeduponsaleorliquidationbeforetax": -55000000,
        "othercomprehensiveincomelossforeigncurrencytransactionandtranslationadjustmentbeforetax": 170000000,
        "othercomprehensiveincomelossforeigncurrencytranslationadjustmenttax": 8000000,
        "othercomprehensiveincomelossforeigncurrencytransactionandtranslationadjustmentnetoftax": 162000000,
        "othercomprehensiveincomelosspensionandotherpostretirementbenefitplansnetunamortizedgainlossarisingduringperiodbeforetax": -10000000,
        "othercomprehensiveincomelossreclassificationadjustmentfromaocipensionandotherpostretirementbenefitplansbeforetax": 52000000,
        "othercomprehensiveincomelosspensionandotherpostretirementbenefitplansadjustmentbeforetax": -35000000,
        "othercomprehensiveincomelosspensionandotherpostretirementbenefitplanstax": -14000000,
        "othercomprehensiveincomelosspensionandotherpostretirementbenefitplansadjustmentnetoftax": -21000000,
        "othercomprehensiveincomeunrealizedgainlossonderivativesarisingduringperiodbeforetax": -52000000,
        "othercomprehensiveincomelossreclassificationadjustmentfromaocionderivativesbeforetax": -58000000,
        "othercomprehensiveincomelossderivativesqualifyingashedgesbeforetax": 6000000,
        "othercomprehensiveincomelossreclassificationadjustmentfromaocionderivativestax": 3000000,
        "othercomprehensiveincomelossderivativesqualifyingashedgesnetoftax": 4000000,
        "othercomprehensiveincomelossnetoftax": 187000000,
        "comprehensiveincomenetoftax": 1527000000,
        "salesrevenuegoodsnet": 3572000000,
        "franchiserevenue": -5000000,
        "revenues": 2800000000,
        "costofgoodssolddirectmaterials": 1103000000,
        "costofgoodssolddirectlabor": 939000000,
        "costofgoodssoldoverhead": 912000000,
        "costofgoodssold": -10000000,
        "generalandadministrativeexpense": 18000000,
        "franchisecosts": 30000000,
        "closuresandimpairmentexpenses": 3000000,
        "gainlossondispositionofassets1": 1083000000,
        "othernonoperatingincomeexpense": -8000000,
        "operatingexpenses": 3117000000,
        "operatingincomeloss": 2761000000,
        "otherpensionincomeexpense": 47000000,
        "interestincomeexpensenet": -440000000,
        "incomelossfromcontinuingoperationsbeforeincometaxesextraordinaryitemsnoncontrollinginterest": 2274000000,
        "incometaxexpensebenefit": 75000000,
        "incomelossfromcontinuingoperations": 1340000000,
        "earningspersharebasic": 3.86,
        "earningspersharediluted": 3.77,
        "commonstockdividendspersharedeclared": 0.9
    },
    {
        "date": "2016-12-30",
        "symbol": "YUM",
        "period": "FY",
        "netincomeloss": 1619000000,
        "netincomelossattributabletononcontrollinginterest": 18000000,
        "profitloss": -7000000,
        "othercomprehensiveincomeforeigncurrencytransactionandtranslationgainlossbeforereclassificationandtax": -166000000,
        "othercomprehensiveincomelossforeigncurrencytransactionandtranslationreclassificationadjustmentfromaocirealizeduponsaleorliquidationbeforetax": -11000000,
        "othercomprehensiveincomelossforeigncurrencytransactionandtranslationadjustmentbeforetax": -177000000,
        "othercomprehensiveincomelossforeigncurrencytranslationadjustmenttax": -20000000,
        "othercomprehensiveincomelossforeigncurrencytransactionandtranslationadjustmentnetoftax": -157000000,
        "othercomprehensiveincomelosspensionandotherpostretirementbenefitplansnetunamortizedgainlossarisingduringperiodbeforetax": -54000000,
        "othercomprehensiveincomelossreclassificationadjustmentfromaocipensionandotherpostretirementbenefitplansbeforetax": 44000000,
        "othercomprehensiveincomelosspensionandotherpostretirementbenefitplansadjustmentbeforetax": 19000000,
        "othercomprehensiveincomelosspensionandotherpostretirementbenefitplanstax": 5000000,
        "othercomprehensiveincomelosspensionandotherpostretirementbenefitplansadjustmentnetoftax": 14000000,
        "othercomprehensiveincomeunrealizedgainlossonderivativesarisingduringperiodbeforetax": 48000000,
        "othercomprehensiveincomelossreclassificationadjustmentfromaocionderivativesbeforetax": 8000000,
        "othercomprehensiveincomelossderivativesqualifyingashedgesbeforetax": 40000000,
        "othercomprehensiveincomelossreclassificationadjustmentfromaocionderivativestax": 3000000,
        "othercomprehensiveincomelossderivativesqualifyingashedgesnetoftax": 24000000,
        "othercomprehensiveincomelossnetoftaxportionattributabletoparent": -147000000,
        "comprehensiveincomenetoftax": 1472000000,
        "salesrevenuegoodsnet": 5667000000,
        "franchiserevenue": -2000000,
        "revenues": 3100000000,
        "costofgoodssolddirectmaterials": 1269000000,
        "costofgoodssolddirectlabor": 1109000000,
        "costofgoodssoldoverhead": 1120000000,
        "costofgoodssold": 4766000000,
        "generalandadministrativeexpense": 28000000,
        "franchisecosts": 24000000,
        "closuresandimpairmentexpenses": 14000000,
        "gainlossondispositionofassets1": 141000000,
        "othernonoperatingincomeexpense": -11000000,
        "operatingexpenses": 4741000000,
        "operatingincomeloss": 1625000000,
        "interestincomeexpensenet": -307000000,
        "incomelossfromcontinuingoperationsbeforeincometaxesextraordinaryitemsnoncontrollinginterest": 1318000000,
        "incometaxexpensebenefit": -233000000,
        "incomelossfromcontinuingoperations": 994000000,
        "incomelossfromdiscontinuedoperationsnetoftaxattributabletoreportingentity": 625000000,
        "earningspersharebasic": 4.11,
        "earningspersharediluted": 4.04,
        "commonstockdividendspersharedeclared": 1.73
    },
    {
        "date": "2015-12-25",
        "symbol": "YUM",
        "period": "FY",
        "incomelossfromcontinuingoperationsincludingportionattributabletononcontrollinginterest": 1298000000,
        "othercomprehensiveincomeforeigncurrencytransactionandtranslationgainlossbeforereclassificationandtax": -259000000,
        "othercomprehensiveincomelossforeigncurrencytransactionandtranslationreclassificationadjustmentfromaocirealizeduponsaleorliquidationbeforetax": -112000000,
        "othercomprehensiveincomelossforeigncurrencytransactionandtranslationadjustmentbeforetax": -144000000,
        "othercomprehensiveincomelossforeigncurrencytransactionandtranslationadjustmentnetoftax": -144000000,
        "othercomprehensiveincomelosspensionandotherpostretirementbenefitplansnetunamortizedgainlossarisingduringperiodbeforetax": -124000000,
        "othercomprehensiveincomelossreclassificationadjustmentfromaocipensionandotherpostretirementbenefitplansbeforetax": 53000000,
        "othercomprehensiveincomelosspensionandotherpostretirementbenefitplansadjustmentbeforetax": -154000000,
        "othercomprehensiveincomelosspensionandotherpostretirementbenefitplanstax": -57000000,
        "othercomprehensiveincomelosspensionandotherpostretirementbenefitplansadjustmentnetoftax": -97000000,
        "othercomprehensiveincomeunrealizedgainlossonderivativesarisingduringperiodbeforetax": 32000000,
        "othercomprehensiveincomelossreclassificationadjustmentfromaocionderivativesbeforetax": 41000000,
        "othercomprehensiveincomelossderivativesqualifyingashedgesbeforetax": -9000000,
        "othercomprehensiveincomelossreclassificationadjustmentfromaocionderivativestax": 1000000,
        "othercomprehensiveincomelossderivativesqualifyingashedgesnetoftax": -8000000,
        "othercomprehensiveincomelossnetoftaxportionattributabletoparent": -55000000,
        "comprehensiveincomenetoftaxincludingportionattributabletononcontrollinginterest": -3000000,
        "comprehensiveincomenetoftaxattributabletononcontrollinginterest": -1000000,
        "comprehensiveincomenetoftax": 1244000000,
        "salesrevenuegoodsnet": 11145000000,
        "franchiserevenue": 1960000000,
        "revenues": 3100000000,
        "costofgoodssolddirectmaterials": 3507000000,
        "costofgoodssolddirectlabor": 2517000000,
        "costofgoodssoldoverhead": 3335000000,
        "costofgoodssold": 9359000000,
        "generalandadministrativeexpense": 1504000000,
        "franchisecosts": 71000000,
        "closuresandimpairmentexpenses": -3000000,
        "gainlossondispositionofassets1": 65000000,
        "othergeneralexpense": 10000000,
        "operatingexpenses": 11184000000,
        "operatingincomeloss": 539000000,
        "interestincomeexpensenet": -134000000,
        "incomelossfromcontinuingoperationsbeforeincometaxesextraordinaryitemsnoncontrollinginterest": 1787000000,
        "incometaxexpensebenefit": 489000000,
        "netincomelossattributabletononcontrollinginterest": 6000000,
        "netincomeloss": 1293000000,
        "earningspersharebasic": 2.97,
        "earningspersharediluted": 2.92,
        "commonstockdividendspersharedeclared": 1.74
    },
    {
        "date": "2014-12-26",
        "symbol": "YUM",
        "period": "FY",
        "incomelossfromcontinuingoperationsincludingportionattributabletononcontrollinginterest": 1021000000,
        "othercomprehensiveincomeforeigncurrencytransactionandtranslationgainlossbeforereclassificationandtax": -149000000,
        "othercomprehensiveincomelossforeigncurrencytransactionandtranslationreclassificationadjustmentfromaocirealizeduponsaleorliquidationbeforetax": -2000000,
        "othercomprehensiveincomelossforeigncurrencytransactionandtranslationadjustmentbeforetax": -147000000,
        "othercomprehensiveincomelossforeigncurrencytranslationadjustmenttax": -4000000,
        "othercomprehensiveincomelossforeigncurrencytransactionandtranslationadjustmentnetoftax": -143000000,
        "othercomprehensiveincomelosspensionandotherpostretirementbenefitplansnetunamortizedgainlossarisingduringperiodbeforetax": -220000000,
        "othercomprehensiveincomelossreclassificationadjustmentfromaocipensionandotherpostretirementbenefitplansbeforetax": 27000000,
        "othercomprehensiveincomelosspensionandotherpostretirementbenefitplansadjustmentbeforetax": 182000000,
        "othercomprehensiveincomelosspensionandotherpostretirementbenefitplanstax": 69000000,
        "othercomprehensiveincomelosspensionandotherpostretirementbenefitplansadjustmentnetoftax": 113000000,
        "othercomprehensiveincomeunrealizedgainlossonderivativesarisingduringperiodbeforetax": 23000000,
        "othercomprehensiveincomelossreclassificationadjustmentfromaocionderivativesbeforetax": 23000000,
        "othercomprehensiveincomelossnetoftaxportionattributabletoparent": -256000000,
        "comprehensiveincomenetoftaxincludingportionattributabletononcontrollinginterest": -30000000,
        "comprehensiveincomenetoftaxattributabletononcontrollinginterest": -32000000,
        "comprehensiveincomenetoftax": 797000000,
        "salesrevenuegoodsnet": 11324000000,
        "franchiserevenue": 1955000000,
        "revenues": 2959000000,
        "costofgoodssolddirectmaterials": 3678000000,
        "costofgoodssolddirectlabor": 2579000000,
        "costofgoodssoldoverhead": 1000000,
        "costofgoodssold": 9682000000,
        "generalandadministrativeexpense": 1419000000,
        "franchisecosts": 160000000,
        "closuresandimpairmentexpenses": 463000000,
        "gainlossondispositionofassets": -33000000,
        "otheroperatingincomeexpensenet": 41000000,
        "costsandexpenses": 11722000000,
        "operatingincomeloss": 480000000,
        "interestincomeexpensenet": -130000000,
        "incomelossfromcontinuingoperationsbeforeincometaxesextraordinaryitemsnoncontrollinginterest": 1427000000,
        "incometaxexpensebenefit": 406000000,
        "profitloss": -29000000,
        "netincomelossattributabletononcontrollinginterest": -1000000,
        "netincomeloss": 1051000000,
        "earningspersharebasic": 2.37,
        "earningspersharediluted": 2.32,
        "commonstockdividendspersharedeclared": 1.56
    },
    {
        "date": "2013-12-27",
        "symbol": "YUM",
        "period": "FY",
        "incomelossfromcontinuingoperationsincludingportionattributabletononcontrollinginterest": 1064000000,
        "othercomprehensiveincomelossforeigncurrencytransactionandtranslationadjustmentbeforetax": 10000000,
        "othercomprehensiveincomelossforeigncurrencytranslationadjustmenttax": 2000000,
        "othercomprehensiveincomelosspensionandotherpostretirementbenefitplansnetunamortizedgainlossarisingduringperiodbeforetax": -10000000,
        "othercomprehensiveincomedefinedbenefitplansnetunamortizedgainlossarisingduringperiodtax": 85000000,
        "othercomprehensiveincomelosspensionandotherpostretirementbenefitplansreclassificationsadjustmentsbeforetax": 83000000,
        "othercomprehensiveincomelosspensionandotherpostretirementbenefitplansreclassificationadjustmentstax": 30000000,
        "othercomprehensiveincomeunrealizedgainlossonderivativesarisingduringperiodbeforetax": 6000000,
        "othercomprehensiveincomeunrealizedgainlossonderivativesarisingduringperiodtax": 2000000,
        "othercomprehensiveincomelossreclassificationadjustmentfromaocionderivativesbeforetax": 2000000,
        "othercomprehensiveincomelossreclassificationadjustmentfromaocionderivativestax": 1000000,
        "othercomprehensiveincomelossnetoftaxportionattributabletoparent": 200000000,
        "comprehensiveincomenetoftaxincludingportionattributabletononcontrollinginterest": 1284000000,
        "comprehensiveincomenetoftaxattributabletononcontrollinginterest": -23000000,
        "comprehensiveincomenetoftax": 1287000000,
        "salesrevenuegoodsnet": 11184000000,
        "franchiserevenue": 1900000000,
        "revenues": 3099000000,
        "costofgoodssolddirectmaterials": 3669000000,
        "costofgoodssolddirectlabor": 2499000000,
        "costofgoodssoldoverhead": 3333000000,
        "costofgoodssold": 9501000000,
        "generalandadministrativeexpense": 1412000000,
        "franchisecosts": 158000000,
        "closuresandimpairmentexpenses": 295000000,
        "gainlossondispositionofassets": 100000000,
        "otherincomeexpense": 6000000,
        "costsandexpenses": 11286000000,
        "operatingincomeloss": -15000000,
        "interestincomeexpensenet": -247000000,
        "incomelossfromcontinuingoperationsbeforeincometaxesextraordinaryitemsnoncontrollinginterest": 1551000000,
        "incometaxexpensebenefit": 487000000,
        "profitloss": 1086000000,
        "netincomelossattributabletononcontrollinginterest": -5000000,
        "netincomeloss": 1091000000,
        "earningspersharebasic": 2.41,
        "earningspersharediluted": 2.36,
        "commonstockdividendspersharedeclared": 1.41
    },
    {
        "date": "2012-12-28",
        "symbol": "YUM",
        "period": "FY",
        "incomelossfromcontinuingoperationsincludingportionattributabletononcontrollinginterest": 1608000000,
        "othercomprehensiveincomelossforeigncurrencytransactionandtranslationadjustmentbeforetax": 27000000,
        "othercomprehensiveincomelossforeigncurrencytranslationadjustmenttax": 3000000,
        "othercomprehensiveincomelossforeigncurrencytransactionandtranslationreclassificationadjustmentrealizeduponsaleorliquidationbeforetax": 3000000,
        "othercomprehensiveincomelosspensionandotherpostretirementbenefitplansnetunamortizedgainlossarisingduringperiodbeforetax": -117000000,
        "othercomprehensiveincomedefinedbenefitplansnetunamortizedgainlossarisingduringperiodtax": -9000000,
        "othercomprehensiveincomelosspensionandotherpostretirementbenefitplansreclassificationsadjustmentsbeforetax": 156000000,
        "othercomprehensiveincomelosspensionandotherpostretirementbenefitplansreclassificationadjustmentstax": 57000000,
        "othercomprehensiveincomelossnetoftaxportionattributabletoparent": 116000000,
        "comprehensiveincomenetoftaxincludingportionattributabletononcontrollinginterest": 1724000000,
        "comprehensiveincomenetoftaxattributabletononcontrollinginterest": 12000000,
        "comprehensiveincomenetoftax": 1712000000,
        "salesrevenuegoodsnet": 11833000000,
        "franchiserevenue": 1800000000,
        "revenues": 3281000000,
        "costofgoodssolddirectmaterials": 3874000000,
        "costofgoodssolddirectlabor": 2620000000,
        "costofgoodssoldoverhead": -16000000,
        "costofgoodssold": 9852000000,
        "generalandadministrativeexpense": 1510000000,
        "franchisecosts": 133000000,
        "closuresandimpairmentexpenses": 37000000,
        "gainlossondispositionofassets": 78000000,
        "otherincomeexpense": -76000000,
        "costsandexpenses": 11339000000,
        "operatingincomeloss": 715000000,
        "interestincomeexpensenet": -149000000,
        "incomelossfromcontinuingoperationsbeforeincometaxesextraordinaryitemsnoncontrollinginterest": 2145000000,
        "incometaxexpensebenefit": 537000000,
        "profitloss": 1608000000,
        "netincomelossattributabletononcontrollinginterest": 11000000,
        "netincomeloss": 1597000000,
        "earningspersharebasic": 3.46,
        "earningspersharediluted": 3.38,
        "commonstockdividendspersharedeclared": 1.24
    },
    {
        "date": "2011-12-30",
        "symbol": "YUM",
        "period": "FY",
        "salesrevenuegoodsnet": 10893000000,
        "franchiserevenue": 1733000000,
        "revenues": 5566000000,
        "costofgoodssolddirectmaterials": 3633000000,
        "costofgoodssolddirectlabor": 2418000000,
        "costofgoodssoldoverhead": -14000000,
        "costofgoodssold": 9140000000,
        "generalandadministrativeexpense": 1372000000,
        "franchisecosts": 145000000,
        "closuresandimpairmentexpenses": 80000000,
        "gainlossondispositionofassets": -72000000,
        "otherincomeexpense": -6000000,
        "costsandexpenses": 10811000000,
        "operatingincomeloss": 589000000,
        "interestincomeexpensenet": -156000000,
        "incomelossfromcontinuingoperationsbeforeincometaxesextraordinaryitemsnoncontrollinginterest": 1659000000,
        "incometaxexpensebenefit": 324000000,
        "profitloss": 1319000000,
        "netincomelossattributabletononcontrollinginterest": 16000000,
        "netincomeloss": 1319000000,
        "earningspersharebasic": 2.81,
        "earningspersharediluted": 2.74,
        "commonstockdividendspersharedeclared": 1.07,
        "stockholdersequityincludingportionattributabletononcontrollinginterest": -247000000,
        "sharesissued": 460000000,
        "othercomprehensiveincomeforeigncurrencytransactionandtranslationgainlossarisingduringperiodnetoftax": 85000000,
        "othercomprehensiveincomedefinedbenefitplansadjustmentnetoftaxperiodincreasedecrease": -106000000,
        "othercomprehensiveincomeunrealizedgainlossonderivativesarisingduringperiodnetoftax": 1000000,
        "othercomprehensiveincomeunrealizedgainlossonderivativesarisingduringperiodtax": -1000000,
        "comprehensiveincomenetoftaxincludingportionattributabletononcontrollinginterest": 1321000000,
        "dividendscommonstock": 22000000,
        "stockrepurchasedduringperiodvalue": 171000000,
        "stockrepurchasedduringperiodshares": 14305000,
        "employeestockoptionandsarsexercisesvalue": 119000000,
        "employeestockoptionandsarsexercisesshares": 5000000,
        "stockissuedduringperiodvaluesharebasedcompensation": 63000000
    },
    {
        "date": "2010-12-24",
        "symbol": "YUM",
        "period": "FY",
        "stockissuedduringperiodvaluesharebasedcompensationtax": -7000000,
        "othercomprehensiveincomederivativesqualifyingashedgestaxeffectperiodincreasedecrease": 1000000,
        "othercomprehensiveincomedefinedbenefitplanstax": 7000000,
        "employeestockoptionandsarsexercisesvaluetax": -73000000,
        "salesrevenuegoodsnet": 9783000000,
        "franchiserevenue": 1560000000,
        "revenues": 4120000000,
        "costofgoodssolddirectmaterials": 3091000000,
        "costofgoodssolddirectlabor": 2172000000,
        "costofgoodssoldoverhead": 2857000000,
        "costofgoodssold": 8120000000,
        "generalandadministrativeexpense": 1277000000,
        "franchisecosts": 110000000,
        "closuresandimpairmentexpenses": 47000000,
        "gainlossondispositionofassets": -18000000,
        "otherincomeexpense": -43000000,
        "costsandexpenses": 9574000000,
        "operatingincomeloss": -63000000,
        "interestincomeexpensenet": -175000000,
        "incomebeforeincometaxes": 1594000000,
        "incometaxexpensebenefit": 416000000,
        "profitloss": 20000000,
        "netincomelossattributabletononcontrollinginterest": 20000000,
        "netincomeloss": 1158000000,
        "earningspersharebasic": 2.44,
        "earningspersharediluted": 2.38,
        "commonstockdividendspersharedeclared": 0.92,
        "stockholdersequityincludingportionattributabletononcontrollinginterest": 93000000,
        "sharesissued": 469,
        "othercomprehensiveincomeforeigncurrencytransactionandtranslationgainlossarisingduringperiodnetoftax": 4000000,
        "othercomprehensiveincomedefinedbenefitplansadjustmentnetoftaxperiodincreasedecrease": -10000000,
        "othercomprehensiveincomederivativesqualifyingashedgesnetoftaxperiodincreasedecrease": -1000000,
        "comprehensiveincomenetoftaxincludingportionattributabletononcontrollinginterest": 1179000000,
        "dividendscommonstock": -457000000,
        "stockrepurchasedduringperiodvalue": -390000000,
        "stockrepurchasedduringperiodshares": 9759,
        "employeestockoptionandsarsexercisesvalue": 168000000,
        "employeestockoptionandsarsexercisesshares": 9,
        "stockissuedduringperiodvaluesharebasedcompensation": 55000000,
        "stockissuedduringperiodsharessharebasedcompensation": 1
    },
    {
        "date": "2009-12-25",
        "symbol": "YUM",
        "period": "FY",
        "stockissuedduringperiodvaluesharebasedcompensationtax": -2000000,
        "othercomprehensiveincomederivativesqualifyingashedgestaxeffectperiodincreasedecrease": -3000000,
        "othercomprehensiveincomedefinedbenefitplanstax": -9000000,
        "employeestockoptionandsarsexercisesvaluetax": -57000000,
        "salesrevenuegoodsnet": 9413000000,
        "franchiserevenue": 1423000000,
        "revenues": 10836000000,
        "costofgoodssolddirectmaterials": 3003000000,
        "costofgoodssolddirectlabor": 2154000000,
        "costofgoodssoldoverhead": 2777000000,
        "costofgoodssold": 7934000000,
        "generalandadministrativeexpense": 1221000000,
        "franchisecosts": 118000000,
        "closuresandimpairmentexpenses": 103000000,
        "gainlossondispositionofassets": 26000000,
        "otherincomeexpense": -104000000,
        "costsandexpenses": 9246000000,
        "operatingincomeloss": 1590000000,
        "interestincomeexpensenet": 194000000,
        "incomebeforeincometaxes": 1396000000,
        "incometaxexpensebenefit": 313000000,
        "profitloss": 12000000,
        "netincomelossattributabletononcontrollinginterest": 12000000,
        "netincomeloss": 1071000000,
        "earningspersharebasic": 2.28,
        "earningspersharediluted": 2.22,
        "commonstockdividendspersharedeclared": 0.8,
        "stockholdersequityincludingportionattributabletononcontrollinginterest": 1114000000,
        "sharesissued": 469000000,
        "othercomprehensiveincomeforeigncurrencytransactionandtranslationgainlossarisingduringperiodnetoftax": 176000000,
        "othercomprehensiveincomedefinedbenefitplansadjustmentnetoftaxperiodincreasedecrease": 13000000,
        "othercomprehensiveincomederivativesqualifyingashedgesnetoftaxperiodincreasedecrease": 5000000,
        "comprehensiveincomenetoftaxincludingportionattributabletononcontrollinginterest": 1277000000,
        "minorityinterestdecreasefromredemptions": 70000000,
        "dividendscommonstock": -385000000,
        "employeestockoptionandsarsexercisesvalue": 168000000,
        "employeestockoptionandsarsexercisesshares": 10000000,
        "stockissuedduringperiodvaluesharebasedcompensation": 78000000
    }
]